2952 3716
1313 158 1385 170 -—
1464 138 1559 177 vm
1642 156 1716 167 —

311 260 469 333 posita
503 268 863 334 descriptione,
897 283 996 333 qua
1030 282 1141 315 eum
1176 263 1449 327 propinqui
1483 261 1615 308 exitii
1650 259 1789 306 notio
1822 268 2059 321 tanquam
2086 256 2233 313 ante·
2260 266 2431 315 'oculos
2467 260 2685 333 ponatur,

310 351 534 400 facillime
559 360 618 399 et
649 350 894 400 sentiendi
927 348 1114 397 veritati
1147 346 1260 394 satis
1278 345 1642 393 convenienter
1670 341 1732 389 ad
1771 341 1993 414 praestiti
2021 347 2185 395 auxilii
2211 351 2549 415 cogitationem
2581 346 2686 393 ani-

309 450 415 482 mus
442 444 714 484 revocatur.
778 431 1085 494 Intelligisne‘
1109 429 1281 491 igitur,
1323 443 1473 491 quam
1516 423 1780 472 commode
1813 433 1925 486 post
1970 424 2051 471 dei
2099 432 2400 480 mentionem
2444 434 2503 479 ab
2546 430 2683 477 initio

310 515 483 564 factam
519 514 720 585 (absque
754 525 817 562 te
837 516 999 574 foret)
1034 510 1087 559 iu
1115 509 1217 557 flue
1253 509 1472 571 potuerit
1502 507 1785 570 simpliciter
1811 523 1923 570 pax
1960 508 2334 569 commemorari
2380 530 2477 562 non
2514 511 2682 560 addito

310 609 396 646 tua
428 596 763 661 pronomine?
782 586 849 635 ⁴—-
880 595 1020 643 v.·19
1040 609 1142 641 non
1171 590 1374 639 dubiam
1403 588 1609 636 Acidalii
1641 585 2036 634 emendationem
2056 590 2240 661 Apage
2270 612 2303 644 a
2332 612 2405 644 me
2437 594 2687 643 confirmat

313 679 498 727 Ambr.:
533 679 584 725 in
615 677 815 742 reliquis
847 676 985 724 libris
1024 672 1203 723 excidit
1240 672 1556 735 praepositio.
1638 670 1693 717 In
1746 669 2017 717 eorundem
2060 675 2294 739 scriptura
2339 677 2517 727 deinde
2560 677 2687 733 hinc,

313 779 338 808 e
377 777 475 825 qua
515 758 628 808 satis
660 775 751 823 per
794 775 846 807 se
878 756 1203 822 probabiliter
1237 755 1541 804 Hermannus
1575 747 1800 800 effecerat
1835 752 2018 802 deinde
2061 757 2168 815 hic,
2212 760 2411 809 Bothius
2453 759 2688 825 perspexit

311 843 495 893 dehinc
527 843 706 907 latere,
741 841 925 891 deIu'nc
958 844 1057 888 iam
1092 839 1320 902 praebuit
1353 837 1516 886 Ambr.
1585 835 1683 884 Sed
1715 827 1962 883 verissime
1992 836 2292 889 Hermannus
2322 860 2397 891 me
2427 846 2533 891 otio
2556 841 2687 895 dare,

314 934 361 972 et
393 923 673 987 discrepant
707 924 799 987 ipsi
833 924 964 984 libri,
998 937 1211 986 quorum
1246 921 1377 968 solus
1407 918 1572 966 Ambr.
1607 920 1711 966 οείο
1745 917 1871 967 dare
1903 934 1999 976 me,
2036 922 2183 968 ceteri
2217 928 2318 971 otio
2353 941 2428 972 me
2459 923 2590 972 dare.
2629 946 2686 957 —

315 1010 363 1056 V.
401 1010 464 1054 ‘20
500 1006 749 1054 immerito
783 1005 1087 1056 Hermannus
1126 1004 1365 1054 librorum
1396 1001 1687 1050 memoriam
1725 998 1919 1068 Quibus
1950 1007 2200 1052 aerumnis
2242 1004 2516 1062 deluctavi‚
2551 1007 2611 1061 (h.
2647 1022 2687 1051 e.

314 1092 438 1136 satis
468 1099 668 1153 partum
715 1087 873 1136 habeo
917 1088 982 1134 iis
1025 1089 1301 1147 aerumnis,
1345 1084 1523 1153 quibus
1561 1101 1650 1131 -.·
1695 1083 1747 1131 id
1792 1083 1930 1147 quod
1967 1085 2047 1131 vel
2084 1085 2283 1134 Bothius
2327 1098 2563 1135 assecutus
2608 1091 2690 1142 est)

320 1169 607 1232 posthabuit
642 1168 795 1217 fallaci
830 1167 976 1214 Nonii
1020 1167 1302 1214 testimonio
1345 1184 1392 1230 p.
1425 1164 1524 1213 468
1571 1165 1692 1214 Cum
1736 1166 1873 1214 hisce
1917 1169 2167 1213 aerumnis
2211 1168 2472 1228 deluo-tavi,
2509 1177 2689 1216 mutato

317 1250 520 1317 quidem
558 1267 667 1298 cum
701 1251 749 1297 in
785 1248 905 1299 dum
941 1250 1089 1315 (quae
1124 1249 1359 1310 particula
1392 1265 1494 1295 non
1529 1246 1787 1308 ᾱεΙιισεανὶ,
1820 1246 1908 1294 sed
1929 1261 2158 1309 praesens
2186 1248 2381 1298 delucto
2402 1251 2690 1315 requirebat)

317 1340 364 1377 et
398 1331 635 1393 proximis
653 1330 774 1395 fillo
808 1328 925 1377 dum
962 1329 1014 1375 in
1046 1341 1095 1377 et
1111 1330 1247 1393 fillo.
1316 1330 1532 1392 Reliquis
1564 1329 1699 1377 libris
1727 1344 1859 1376 nunc
1893 1327 2082 1375 accedit
2116 1329 2470 1382 Ambrosianus.
2534 1332 2576 1380 ls
2609 1347 2692 1379 co-

317 1396 409 1460 des
445 1428 502 1459 ea
538 1428 665 1481 quae
699 1419 1071 1477 consequuntur
1103 1411 1155 1458 iu
1184 1411 1315 1459 hanc
1348 1411 1555 1457 formam
1590 1409 1824 1474 disposita
1858 1409 2075 1460 exhibet:

1048 1507 1952 1551 snouismczsrominrurmniuoumws

1046 1589 1818 1628 eunucuoonnirusreciuounsum.

1055 1671 1821 1717 rotouiuouunonicurioorrnin

1054 1753 1246 1795 Quumc
1262 1773 1273 1786 .
1291 1772 1303 1785 .
1314 1742 1960 1788 ιΑῦΑτοειιτΑκιιὶιιΔυυοιτ-Αι

322 1824 469 1884 Mira,
501 1822 588 1870 sed
629 1820 802 1877 eadem
837 1838 940 1869 non
974 1819 1174 1869 indocta
1219 1837 1443 1868 versuum
1489 1819 1804 1868 distinctione
1850 1822 2109 1886 aliquoties
2156 1822 2498 1873 Ambrosianus
2541 1825 2698 1872 utitur.

321 1903 461 1951 Velut
492 1902 647 1952 Stichi
688 1903 884 1955 initium
931 1902 1047 1954 alibi
1087 1909 1285 1953 testatus
1328 1917 1434 1951 sum
1482 1900 1558 1950 his
1605 1900 1738 1951 illum
1781 1901 1966 1968 pusillis
2007 1903 2241 1952 membris
2284 1902 2552 1971 dispescere
2593 1904 2701 1954 satis

323 1983 631 2048 singulariter
643 2001 654 2035 ε

1161 2063 1324 2113 Credo
1358 2080 1453 2130 ego
1484 2066 1713 2115 nu'seram

1161 2146 1338 2198 Fuisse
1370 2147 1690 2213 Penelopam,
1721 2183 1732 2194 .

1166 2227 1348 2291 Soror,
1379 2246 1471 2279 suo
1505 2246 1574 2279 ex
1601 2230 1789 2288 animo,

1164 2309 1305 2382 Quae
1338 2322 1437 2361 tam
1469 2310 1561 2381 diu
1593 2311 1756 2364 vidua

1163 2393 1298 2445 Viro
1328 2411 1421 2445 suo
1456 2398 1634 2447 caruit.

1150 2477 1289 2527 Nam
1323 2494 1415 2527 nos
1447 2481 1554 2527 eius
1585 2482 1802 2528 animum
1838 2507 1918 2526 --.
1943 2495 1955 2500 “

328 2556 607 2607 Charmidis
641 2565 803 2608 autem
833 2559 979 2609 verba
1011 2559 1051 2607 si
1098 2557 1230 2610 idem
1267 2559 1346 2611 ille
1379 2559 1478 2611 sive
1511 2560 1736 2613 librarius
1767 2563 1866 2611 sive
1894 2564 2234 2632 grammaticus
2263 2562 2518 2612 trochaicis
2553 2562 2708 2613 dime-

500 2727 618 2771 νοέω
645 2729 693 2771 si
719 2733 845 2782 poeta
874 2741 901 2770 n
918 2740 982 2769 on
1011 2710 1244 2772 lacessisset
1265 2730 1413 2782 prior,
1442 2730 1604 2774 Nullum
1629 2733 1812 2774 eivenit-e
1834 2735 2046 2789 prologum
2070 2739 2213 2791 posset
2236 2744 2368 2776 novus
2396 2732 2522 2783 Quem
2549 2733 2708 2785 diceret,

491 2812 521 2840 n
536 2801 614 2841 isi
639 2800 809 2842 haberet
835 2800 902 2842 cui
928 2800 1205 2842 malediceret:
1232 2802 1310 2845 nisi
1336 2801 1477 2850 horum
1507 2800 1749 2856 postremum
1780 2818 1967 2850 versuum
1997 2807 2210 2849 insiticium
2231 2815 2324 2845 esse
2350 2809 2392 2844 et
2414 2815 2438 2844 e
2455 2804 2709 2858 glossematis

447 2882 450 2886 ’
496 2871 711 2913 conflatum
739 2882 843 2914 unus
871 2883 895 2912 e
925 2871 1044 2913 vobis
1076 2871 1200 2925 ipsis,
1229 2872 1546 2925 commilitones,
1570 2876 1726 2920 naviter
1755 2879 2011 2931 perspexisse
2042 2877 2261 2921 videretur.
2317 2874 2390 2916 Cui
2428 2880 2506 2916 tam
2538 2876 2604 2917 diu
2632 2877 2711 2918 ob-

497 2943 803 2985 secundandum
834 2943 1107 2998 intelligimus,
1135 2955 1252 2996 quam
1281 2944 1349 2987 diu
1375 2956 1458 2988 non
1487 2946 1705 2999 dicore,
1735 2948 1810 2991 sed
1845 2943 2100 2991 seribere
2133 2949 2343 3003 prologum
2384 2952 2582 2999 poetae
2619 2959 2710 2990 esse

496 3014 799 3058 existimabitur.
