2952 3716
378 306 381 308 ’
456 323 1107 392 vmvnnsiTA'rls
1143 318 1701 400 anmlciffl
1739 321 2273 400 GVILELMIAE

985 420 1735 485 RHENANAE

36 522 2548 653 ἰιΕοώοιιετςΕΝΑΤνς

898 728 1816 780 COMMILITONIBVS

1331 861 1381 914 δα

371 1067 620 1115 Praeclara
665 1075 737 1113 est
779 1064 1052 1113 Trinummi
1084 1063 1168 1127 lv,
1208 1071 1228 1111 1
1274 1063 1466 1113 reducis
1520 1063 1793 1113 Charmidis
1831 1066 2115 1129 gratulatio„
2158 1066 2445 1129 gravissimis
2489 1082 2546 1114 ea

174 1149 658 1213 concitatissimisque
692 1148 955 1198 octonariis
987 1147 1267 1212 perscripta.
1300 1146 1438 1208 Quos
1462 1164 1622 1195 versus
1651 1157 1706 1195 ut
1729 1148 1923 1212 penitus
1957 1147 2171 1194 sentiatis
2193 1147 2324 1211 quali
2358 1147 2540 1195 iudicio

169 1235 379 1298 pessime
412 1246 612 1279 currere
655 1229 860 1292 dixerit,
906 1230 993 1294 qui
1018 1230 1161 1276 ,mire
1215 1245 1354 1294 sagax
1395 1230 1824 1295 interpolationum
1870 1230 2126 1293 vestigator
2170 1245 2325 1293 nuper
2375 1230 2544 1291 extitit,

172 1324 325 1364 totam
360 1331 553 1363 scenam
588 1312 711 1360 infra
744 1313 997 1377 posuimus
1030 1311 1607 1377 emendatius'scriptam.
1638 1342 1642 1349 ·

302 1396 622 1461 Scilsipotenti
650 1407 701 1444 et
734 1395 1060 1460 multipotenti
1092 1395 1230 1444 Iovis
1252 1396 1419 1460 fratri
1452 1395 1669 1445 aetherei
1701 1385 1937 1461 Neptuno

307 1479 487 1527 Lae'tus
519 1477 692 1527 lubens
725 1477 900 1526 laude's
931 1493 1045 1543 ago,
1080 1489 1254 1542 gratas
1288 1478 1544 1545 gra'tisque
1579 1475 1760 1539 habeo,
1794 1489 1841 1526 et
1854 1476 2101 1545 fluctibus
2134 1478 2309 1539 salsis,

310 1561 446 1627 Quos
475 1574 625 1625 penes
659 1563 756 1609 mei
775 1561 884 1619 fuit
908 1569 1143 1624 potestas,
1176 1555 1317 1607 bonis
1350 1562 1470 1607 meis
1504 1559 1627 1626 quid
1645 1564 1792 1619 foret
1825 1560 1873 1609 e't
1907 1577 2041 1609 meae
2070 1563 2229 1613 vitae.

306 1639 464 1711 Quom
493 1644 604 1692 suis
637 1657 713 1691 me
744 1659 813 1691 ex
840 1641 962 1690 locis
996 1643 1048 1689 in
1075 1642 1291 1706 patriam
1322 1657 1474 1709 usque
1504 1640 1672 1690 urbem
1705 1642 1991 1692 ineolumem
2029 1642 2256 1691 re'ducem
2274 1644 2495 1702 faciunt.

206 1730 233 1774 5
302 1724 472 1793 Atque
501 1723 595 1775 tibi
628 1739 735 1791 ego,
771 1722 1020 1790 Neptune,
1052 1732 1167 1772 ante
1199 1722 1326 1771 alios
1360 1721 1480 1786 debs
1511 1726 1675 1788 gratis
1707 1739 1807 1789 ago
1836 1735 1983 1792 atque
2018 1723 2175 1773 habeo
2205 1741 2431 1773 summas.

303 1807 441 1856 Nam
475 1817 522 1858 te
554 1822 722 1856 omnes
753 1805 1048 1874 saevamque
1079 1820 1416 1873 severumque,
1451 1804 1621 1855 avidis
1655 1804 1873 1856 moribus
1904 1812 2298 1863 commemorana

307 1889 644 1954 Spurcificum,
679 1892 947 1944 immanem,
981 1887 1356 1943 intolerandum,
1389 1889 1650 1938 ve'sanum:
1681 1905 1775 1954 ego
1810 1900 1982 1939 contra
2015 1891 2163 1954 opera
2196 1900 2444 1954 expertus

305 1971 445 2022 Nam
474 1970 563 2037 pol
589 1970 844 2036 placidum
878 1980 925 2019 te
955 1969 1004 2018 e't
1038 1969 1314 2018 clementem
1348 1985 1405 2019 eo
1439 1970 1595 2037 usque'
1624 1969 1783 2028 modo,
1822 1982 1876 2019 ut
1909 1971 2061 2030 volui,
2095 1988 2212 2020 usus
2230 1988 2336 2020 sum
2354 1974 2409 2020 in
2426 1971 2541 2020 alto.

307 2052 478 2119 Atque
510 2063 642 2100 tuam
679 2053 808 2100 hanc
840 2051 976 2118 apud
1009 2052 1228 2100 homines
1262 2040 1476 2118 gloriam
1509 2045 1714 2102 auribus
1748 2055 1845 2101 iam
1878 2054 2161 2117 acceperam
2189 2064 2326 2102 ante:

182 2140 239 2182 10
308 2134 621 2199 Pauper-[bus
654 2146 701 2182 te
732 2136 941 2199 parcere
970 2133 1181 2189 solitum,
1215 2132 1335 2183 dius
1366 2132 1604 2182 damnare
1635 2135 1781 2202 atque
1812 2133 2458 2183 domare..

309 2215 442 2278 Abi,
474 2215 646 2263 laudo:
680 2219 780 2265 scis
813 2216 1002 2270 ordine,
1046 2226 1099 2263 ut
1130 2226 1398 2282 aequomst,
1428 2217 1644 2265 tractare
1676 2217 1922 2266 homines.-
1959 2218 2052 2265 Ῐιόο
2084 2216 2165 2266 dis
2191 2216 2459 2283 dignumst,

309 2297 508 2362 Se'mper
541 2295 779 2347 mendicis
809 2296 1018 2346 modesti
1051 2306 1104 2345 ut
1137 2296 1252 2358 sint,
1283 2312 1425 2346 secus
1456 2295 1635 2363 nobilis
1665 2296 1803 2363 apud
1834 2298 2069 2348 homines.

308 2376 466 2426 Fidus
486 2380 671 2438 suisti:
706 2374 924 2444 infidum
958 2392 1064 2427 esse
1097 2379 1290 2426 iterant.
1359 2377 1496 2426 Nam
1528 2376 1713 2447 absque
1732 2382 1878 2439 soret
1911 2389 1972 2440 te,
2005 2381 2084 2428 scit
2117 2382 2244 2438 scio,
2282 2382 2334 2428 in
2366 2380 2470 2430 alto

313 2456 688 2510 Distraxissent
720 2457 898 2528 disque
933 2459 1158 2508 tulissent
1190 2458 1426 2508 sa'celltces
1454 2461 1531 2508 tui
1562 2457 1791 2509 miserum
1813 2459 1998 2525 foede,

186 2544 242 2588 15
311 2539 545 2608 Bo'naque
574 2543 688 2590 item
720 2544 888 2591 omnia
920 2543 1018 2590 una
1047 2557 1232 2591 mecum
1256 2542 1450 2607 passim
1484 2542 1731 2592 caeruleos
1760 2560 1853 2607 per
1886 2559 2109 2609 campos.-
2152 2568 2215 2579 —-

311 2622 390 2670 Ita
423 2625 520 2670 iam
551 2627 697 2691 quasi
730 2625 904 2686 cane's,
939 2623 1077 2673 haud
1108 2639 1250 2673 secus
1283 2640 1461 2673 navem
1495 2622 1877 2674 circumstabant
1911 2625 2106 2676 turbine
2137 2630 2280 2677 venti
2285 2646 2297 2673 .-

265 2707 272 2724 '
312 2703 499 2753 Imbres
516 2704 807 2774 fluctusque
841 2709 990 2773 a'tque
1013 2705 1265 2771 procellae
1293 2707 1518 2767 inse'nsae
1536 2693 1786 2767 fremere,
1808 2710 2064 2774 frangere
2097 2710 2275 2758 malum
2288 2746 2302 2770 ‚

312 2784 478 2834 Buere
510 2798 762 2846 antennas,
798 2786 1025 2837 scindere
1056 2788 1198 2837 vela.-
1237 2812 1297 2822 -
1332 2785 1385 2836 ni
1413 2804 1525 2853 pax
1553 2788 1776 2852 prop‘itici
1795 2791 1943 2852 foret
1970 2801 2186 2854 praesto.

312 2855 496 2934 Apage
529 2885 561 2915 a
595 2885 669 2917 me
701 2872 797 2918 sis:
832 2868 1015 2918 de'hinc
1048 2872 1146 2918 iam
1179 2879 1411 2919 certumst
1439 2883 1515 2917 me
1544 2868 1644 2917 όιίο
1672 2867 1818 2918 dare:
1846 2871 1973 2919 sa'tis
2000 2881 2201 2936 partum
2235 2871 2419 2932 habeo,

184 2950 246 2994 ΩΟ
316 2947 509 3013 Quibus
542 2952 793 3000 aerumnis
827 2949 1094 3007 de'luctavi,
1116 2948 1243 3011 filio
1278 2948 1396 2999 dum
1425 2946 1624 3000 divitias
1655 2966 1878 3019 quaero.-

2130 3040 2149 3079 1
