<?xml version="1.0" encoding="UTF-8"?>
<!DOCTYPE html PUBLIC "-//W3C//DTD XHTML 1.0 Transitional//EN"
    "http://www.w3.org/TR/xhtml1/DTD/xhtml1-transitional.dtd">
<html xmlns="http://www.w3.org/1999/xhtml" xml:lang="en" lang="en">
 <head>
  <title>
</title>
<meta http-equiv="Content-Type" content="text/html;charset=utf-8" />
  <meta name='ocr-system' content='tesseract 3.04.00' />
  <meta name='ocr-capabilities' content='ocr_page ocr_carea ocr_par ocr_line ocrx_word'/>
</head>
<body>
  <div class='ocr_page' id='page_1' title='image "4767302_0014.png"; bbox 0 0 2952 3716; ppageno 0'>
   <div class='ocr_carea' id='block_1_1' title="bbox 1317 133 1683 175">
    <p class='ocr_par' dir='ltr' id='par_1_1' title="bbox 1317 133 1683 175">
     <span class='ocr_line' id='line_1_1' title="bbox 1317 133 1683 175; baseline -0.008 -6"><span class='ocrx_word' id='word_1_1' title='bbox 1317 133 1683 175; x_wconf 69' lang='lat' dir='ltr'><strong>-Vl—</strong></span> 
     </span>
    </p>
   </div>
   <div class='ocr_carea' id='block_1_2' title="bbox 293 258 2687 3112">
    <p class='ocr_par' dir='ltr' id='par_1_2' title="bbox 299 258 2687 490">
     <span class='ocr_line' id='line_1_2' title="bbox 299 258 2687 333; baseline 0.003 -21"><span class='ocrx_word' id='word_1_2' title='bbox 299 265 439 327; x_wconf 83' lang='lat' dir='ltr'><strong>foret</strong></span> <span class='ocrx_word' id='word_1_3' title='bbox 470 272 518 312; x_wconf 85' lang='lat' dir='ltr'><strong>te</strong></span> <span class='ocrx_word' id='word_1_4' title='bbox 550 272 646 324; x_wconf 83' lang='lat' dir='ltr'><strong>sat,</strong></span> <span class='ocrx_word' id='word_1_5' title='bbox 682 269 731 310; x_wconf 91' lang='lat' dir='ltr'><strong>et</strong></span> <span class='ocrx_word' id='word_1_6' title='bbox 764 276 792 309; x_wconf 85' lang='lat' dir='ltr'><strong>a</strong></span> <span class='ocrx_word' id='word_1_7' title='bbox 826 276 893 308; x_wconf 84' lang='lat' dir='ltr'><strong>m.</strong></span> <span class='ocrx_word' id='word_1_8' title='bbox 928 258 1002 326; x_wconf 86' lang='lat' dir='ltr'><strong>pr.</strong></span> <span class='ocrx_word' id='word_1_9' title='bbox 1042 259 1209 310; x_wconf 82' lang='lat' dir='ltr'><strong>altum.</strong></span> <span class='ocrx_word' id='word_1_10' title='bbox 1276 259 1430 309; x_wconf 85' lang='lat' dir='ltr'><strong>Primi</strong></span> <span class='ocrx_word' id='word_1_11' title='bbox 1463 266 1624 307; x_wconf 85' lang='lat' dir='ltr'><strong>autem</strong></span> <span class='ocrx_word' id='word_1_12' title='bbox 1660 272 1823 308; x_wconf 80' lang='lat' dir='ltr'><strong>versus</strong></span> <span class='ocrx_word' id='word_1_13' title='bbox 1854 261 2004 309; x_wconf 78' lang='lat' dir='ltr'><strong>verba</strong></span> <span class='ocrx_word' id='word_1_14' title='bbox 2031 272 2244 315; x_wconf 80' lang='lat' dir='ltr'><strong>extrema</strong></span> <span class='ocrx_word' id='word_1_15' title='bbox 2273 279 2321 317; x_wconf 91' lang='lat' dir='ltr'><strong>et</strong></span> <span class='ocrx_word' id='word_1_16' title='bbox 2342 267 2523 318; x_wconf 80' lang='lat' dir='ltr'><strong>nobilis</strong></span> <span class='ocrx_word' id='word_1_17' title='bbox 2550 265 2687 333; x_wconf 81' lang='lat' dir='ltr'><strong>apud</strong></span> 
     </span>
     <span class='ocr_line' id='line_1_3' title="bbox 307 340 2685 409; baseline 0.002 -15"><span class='ocrx_word' id='word_1_18' title='bbox 307 347 529 396; x_wconf 83' lang='lat' dir='ltr'><strong>homines</strong></span> <span class='ocrx_word' id='word_1_19' title='bbox 575 361 688 394; x_wconf 87' lang='lat' dir='ltr'><strong>cum</strong></span> <span class='ocrx_word' id='word_1_20' title='bbox 737 342 939 409; x_wconf 76' lang='lat' dir='ltr'><strong>intelligi</strong></span> <span class='ocrx_word' id='word_1_21' title='bbox 985 359 1088 392; x_wconf 92' lang='lat' dir='ltr'><strong>non</strong></span> <span class='ocrx_word' id='word_1_22' title='bbox 1135 349 1367 408; x_wconf 80' lang='lat' dir='ltr'>possent,</span> <span class='ocrx_word' id='word_1_23' title='bbox 1406 348 1629 407; x_wconf 80' lang='lat' dir='ltr'><strong>suscepta</strong></span> <span class='ocrx_word' id='word_1_24' title='bbox 1673 340 1855 389; x_wconf 89' lang='lat' dir='ltr'><strong>Brantii</strong></span> <span class='ocrx_word' id='word_1_25' title='bbox 1878 357 1882 366; x_wconf 73' lang='grc'><em>’</em></span> <span class='ocrx_word' id='word_1_26' title='bbox 1906 345 2178 397; x_wconf 77' lang='lat' dir='ltr'><strong>mutatione</strong></span> <span class='ocrx_word' id='word_1_27' title='bbox 2222 348 2431 402; x_wconf 82' lang='lat' dir='ltr'><strong>nobilem</strong></span> <span class='ocrx_word' id='word_1_28' title='bbox 2481 350 2593 401; x_wconf 81' lang='lat' dir='ltr'><strong>satis</strong></span> <span class='ocrx_word' id='word_1_29' title='bbox 2636 358 2685 398; x_wconf 87' lang='lat' dir='ltr'><strong>et</strong></span> 
     </span>
     <span class='ocr_line' id='line_1_4' title="bbox 307 425 1473 490; baseline -0.003 -14"><span class='ocrx_word' id='word_1_30' title='bbox 307 431 508 478; x_wconf 78' lang='lat' dir='ltr'>licenter</span> <span class='ocrx_word' id='word_1_31' title='bbox 550 438 600 477; x_wconf 91' lang='lat' dir='ltr'><strong>et</strong></span> <span class='ocrx_word' id='word_1_32' title='bbox 632 429 886 477; x_wconf 80' lang='lat' dir='ltr'><strong>invenuste</strong></span> <span class='ocrx_word' id='word_1_33' title='bbox 921 427 1124 475; x_wconf 82' lang='lat' dir='ltr'><strong>Botbius</strong></span> <span class='ocrx_word' id='word_1_34' title='bbox 1157 426 1226 473; x_wconf 90' lang='lat' dir='ltr'><strong>sic</strong></span> <span class='ocrx_word' id='word_1_35' title='bbox 1254 425 1473 490; x_wconf 81' lang='lat' dir='ltr'><strong>scripsit:</strong></span> 
     </span>
    </p>

    <p class='ocr_par' dir='ltr' id='par_1_3' title="bbox 306 506 2651 656">
     <span class='ocr_line' id='line_1_5' title="bbox 437 506 2651 578; baseline 0 -19"><span class='ocrx_word' id='word_1_36' title='bbox 437 507 610 578; x_wconf 80' lang='lat' dir='ltr'><strong>Atque</strong></span> <span class='ocrx_word' id='word_1_37' title='bbox 642 509 774 572; x_wconf 75' lang='lat' dir='ltr'><strong>lianc</strong></span> <span class='ocrx_word' id='word_1_38' title='bbox 802 509 1018 575; x_wconf 81' lang='lat' dir='ltr'><em>gloriam</em></span> <span class='ocrx_word' id='word_1_39' title='bbox 1053 519 1187 556; x_wconf 84' lang='lat' dir='ltr'><strong>tuam</strong></span> <span class='ocrx_word' id='word_1_40' title='bbox 1219 518 1334 556; x_wconf 88' lang='lat' dir='ltr'><strong>ante</strong></span> <span class='ocrx_word' id='word_1_41' title='bbox 1365 507 1573 556; x_wconf 83' lang='lat' dir='ltr'><strong>auribus</strong></span> <span class='ocrx_word' id='word_1_42' title='bbox 1605 507 1812 556; x_wconf 85' lang='lat' dir='ltr'><strong>nobilem</strong></span> <span class='ocrx_word' id='word_1_43' title='bbox 1853 510 1949 555; x_wconf 84' lang='lat' dir='ltr'><strong>iam</strong></span> <span class='ocrx_word' id='word_1_44' title='bbox 1982 506 2265 577; x_wconf 66' lang='lat' dir='ltr'><strong>acceperam</strong></span> <span class='ocrx_word' id='word_1_45' title='bbox 2298 515 2369 564; x_wconf 84' lang='lat' dir='ltr'><strong>ad</strong></span> <span class='ocrx_word' id='word_1_46' title='bbox 2401 517 2651 564; x_wconf 74' lang='lat' dir='ltr'><strong>homines.-</strong></span> 
     </span>
     <span class='ocr_line' id='line_1_6' title="bbox 306 587 1986 656; baseline -0.002 -16"><span class='ocrx_word' id='word_1_47' title='bbox 306 592 672 656; x_wconf 86' lang='lat' dir='ltr'><strong>spurcissimum</strong></span> <span class='ocrx_word' id='word_1_48' title='bbox 708 592 869 640; x_wconf 80' lang='lat' dir='ltr'><strong>au&#39;tem</strong></span> <span class='ocrx_word' id='word_1_49' title='bbox 905 605 1097 637; x_wconf 77' lang='lat' dir='ltr'><strong>versum</strong></span> <span class='ocrx_word' id='word_1_50' title='bbox 1131 587 1494 638; x_wconf 85' lang='lat' dir='ltr'><strong>Lindemannus</strong></span> <span class='ocrx_word' id='word_1_51' title='bbox 1526 589 1659 637; x_wconf 85' lang='lat' dir='ltr'><strong>hunc</strong></span> <span class='ocrx_word' id='word_1_52' title='bbox 1693 588 1945 654; x_wconf 78' lang='lat' dir='ltr'><strong>procudit:</strong></span> <span class='ocrx_word' id='word_1_53' title='bbox 1976 603 1986 610; x_wconf 63' lang='grc'><strong>“</strong></span> 
     </span>
    </p>

    <p class='ocr_par' dir='ltr' id='par_1_4' title="bbox 304 670 2677 1309">
     <span class='ocr_line' id='line_1_7' title="bbox 439 670 2583 740; baseline 0.001 -18"><span class='ocrx_word' id='word_1_54' title='bbox 439 674 609 740; x_wconf 81' lang='lat' dir='ltr'><em>Atque</em></span> <span class='ocrx_word' id='word_1_55' title='bbox 641 688 735 737; x_wconf 80' lang='lat' dir='ltr'><strong>ego</strong></span> <span class='ocrx_word' id='word_1_56' title='bbox 764 672 895 720; x_wconf 82' lang='lat' dir='ltr'><strong>hanc</strong></span> <span class='ocrx_word' id='word_1_57' title='bbox 928 682 1061 721; x_wconf 83' lang='lat' dir='ltr'><strong>tuam</strong></span> <span class='ocrx_word' id='word_1_58' title='bbox 1095 671 1309 738; x_wconf 83' lang='lat' dir='ltr'><strong>gloriam</strong></span> <span class='ocrx_word' id='word_1_59' title='bbox 1346 674 1443 719; x_wconf 80' lang='lat' dir='ltr'><strong>iam</strong></span> <span class='ocrx_word' id='word_1_60' title='bbox 1474 682 1589 720; x_wconf 86' lang='lat' dir='ltr'><strong>ante</strong></span> <span class='ocrx_word' id='word_1_61' title='bbox 1620 686 1904 736; x_wconf 75' lang='lat' dir='ltr'><em>acceperam</em></span> <span class='ocrx_word' id='word_1_62' title='bbox 1936 670 2146 721; x_wconf 84' lang='lat' dir='ltr'><strong>nobilem</strong></span> <span class='ocrx_word' id='word_1_63' title='bbox 2180 676 2316 740; x_wconf 83' lang='lat' dir='ltr'><strong>apud</strong></span> <span class='ocrx_word' id='word_1_64' title='bbox 2350 678 2583 727; x_wconf 79' lang='lat' dir='ltr'><strong>homines.</strong></span> 
     </span>
     <span class='ocr_line' id='line_1_8' title="bbox 308 751 2677 820; baseline 0 -17"><span class='ocrx_word' id='word_1_65' title='bbox 308 759 559 804; x_wconf 85' lang='lat' dir='ltr'><strong>Praeterea</strong></span> <span class='ocrx_word' id='word_1_66' title='bbox 604 770 778 818; x_wconf 90' lang='lat' dir='ltr'><strong>parum</strong></span> <span class='ocrx_word' id='word_1_67' title='bbox 824 751 1058 801; x_wconf 80' lang='lat' dir='ltr'><strong>credibile</strong></span> <span class='ocrx_word' id='word_1_68' title='bbox 1108 761 1181 800; x_wconf 83' lang='lat' dir='ltr'><strong>est</strong></span> <span class='ocrx_word' id='word_1_69' title='bbox 1228 769 1330 800; x_wconf 90' lang='lat' dir='ltr'><strong>uno</strong></span> <span class='ocrx_word' id='word_1_70' title='bbox 1381 753 1590 801; x_wconf 89' lang='lat' dir='ltr'><strong>dimetro</strong></span> <span class='ocrx_word' id='word_1_71' title='bbox 1641 754 2034 815; x_wconf 85' lang='lat' dir='ltr'><strong>octonariorum,</strong></span> <span class='ocrx_word' id='word_1_72' title='bbox 2077 771 2105 801; x_wconf 91' lang='lat' dir='ltr'><strong>e</strong></span> <span class='ocrx_word' id='word_1_73' title='bbox 2150 757 2328 820; x_wconf 86' lang='lat' dir='ltr'><strong>quibus</strong></span> <span class='ocrx_word' id='word_1_74' title='bbox 2373 760 2493 808; x_wconf 84' lang='lat' dir='ltr'><strong>haec</strong></span> <span class='ocrx_word' id='word_1_75' title='bbox 2537 771 2677 807; x_wconf 76' lang='lat' dir='ltr'><strong>scena</strong></span> 
     </span>
     <span class='ocr_line' id='line_1_9' title="bbox 306 829 2677 901; baseline 0 -18"><span class='ocrx_word' id='word_1_76' title='bbox 306 846 518 898; x_wconf 84' lang='lat' dir='ltr'><strong>constat,</strong></span> <span class='ocrx_word' id='word_1_77' title='bbox 552 835 860 901; x_wconf 82' lang='lat' dir='ltr'><strong>aequabilem</strong></span> <span class='ocrx_word' id='word_1_78' title='bbox 912 835 1283 889; x_wconf 85' lang='lat' dir='ltr'><strong>continuitatem</strong></span> <span class='ocrx_word' id='word_1_79' title='bbox 1333 836 1575 883; x_wconf 83' lang='lat' dir='ltr'><strong>turbatam</strong></span> <span class='ocrx_word' id='word_1_80' title='bbox 1623 851 1748 883; x_wconf 87' lang='lat' dir='ltr'><strong>esse:</strong></span> <span class='ocrx_word' id='word_1_81' title='bbox 1801 833 1853 882; x_wconf 90' lang='lat' dir='ltr'><strong>id</strong></span> <span class='ocrx_word' id='word_1_82' title='bbox 1898 833 2036 899; x_wconf 89' lang='lat' dir='ltr'><strong>quod</strong></span> <span class='ocrx_word' id='word_1_83' title='bbox 2095 836 2145 884; x_wconf 91' lang='lat' dir='ltr'><strong>in</strong></span> <span class='ocrx_word' id='word_1_84' title='bbox 2191 838 2509 889; x_wconf 75' lang='lat' dir='ltr'><strong>diversissima</strong></span> <span class='ocrx_word' id='word_1_85' title='bbox 2547 829 2677 889; x_wconf 46' lang='lat' dir='ltr'><strong>&#39;cete-</strong></span> 
     </span>
     <span class='ocr_line' id='line_1_10' title="bbox 306 916 2677 982; baseline 0.001 -16"><span class='ocrx_word' id='word_1_86' title='bbox 306 919 449 982; x_wconf 87' lang='lat' dir='ltr'><strong>roqui</strong></span> <span class='ocrx_word' id='word_1_87' title='bbox 484 919 662 965; x_wconf 86' lang='lat' dir='ltr'><strong>horum</strong></span> <span class='ocrx_word' id='word_1_88' title='bbox 697 934 922 966; x_wconf 82' lang='lat' dir='ltr'><strong>versuum</strong></span> <span class='ocrx_word' id='word_1_89' title='bbox 958 916 1281 982; x_wconf 87' lang='lat' dir='ltr'><strong>dispositione</strong></span> <span class='ocrx_word' id='word_1_90' title='bbox 1316 918 1408 969; x_wconf 90' lang='lat' dir='ltr'><strong>illis</strong></span> <span class='ocrx_word' id='word_1_91' title='bbox 1453 918 1655 982; x_wconf 90' lang='lat' dir='ltr'><strong>quidem</strong></span> <span class='ocrx_word' id='word_1_92' title='bbox 1704 918 1882 966; x_wconf 88' lang='lat' dir='ltr'><strong>criticis</strong></span> <span class='ocrx_word' id='word_1_93' title='bbox 1931 933 2195 966; x_wconf 90' lang='lat' dir='ltr'><strong>commune</strong></span> <span class='ocrx_word' id='word_1_94' title='bbox 2240 931 2311 970; x_wconf 88' lang='lat' dir='ltr'><strong>est</strong></span> <span class='ocrx_word' id='word_1_95' title='bbox 2361 939 2468 971; x_wconf 86' lang='lat' dir='ltr'><strong>cum</strong></span> <span class='ocrx_word' id='word_1_96' title='bbox 2508 922 2677 971; x_wconf 72' lang='lat' dir='ltr'><strong>Came-</strong></span> 
     </span>
     <span class='ocr_line' id='line_1_11' title="bbox 305 996 2677 1064; baseline 0.003 -19"><span class='ocrx_word' id='word_1_97' title='bbox 305 999 447 1045; x_wconf 86' lang='lat' dir='ltr'><strong>rario.</strong></span> <span class='ocrx_word' id='word_1_98' title='bbox 516 997 561 1044; x_wconf 87' lang='lat' dir='ltr'><strong>Is</strong></span> <span class='ocrx_word' id='word_1_99' title='bbox 596 999 726 1045; x_wconf 90' lang='lat' dir='ltr'><strong>enim</strong></span> <span class='ocrx_word' id='word_1_100' title='bbox 761 1013 873 1045; x_wconf 89' lang='lat' dir='ltr'><strong>cum</strong></span> <span class='ocrx_word' id='word_1_101' title='bbox 909 997 1172 1046; x_wconf 85' lang='lat' dir='ltr'><strong>dimetrum</strong></span> <span class='ocrx_word' id='word_1_102' title='bbox 1209 997 1284 1044; x_wconf 87' lang='lat' dir='ltr'><strong>bis</strong></span> <span class='ocrx_word' id='word_1_103' title='bbox 1327 997 1487 1044; x_wconf 85' lang='lat' dir='ltr'><strong>verbis</strong></span> <span class='ocrx_word' id='word_1_104' title='bbox 1531 996 1984 1064; x_wconf 83' lang='lat' dir='ltr'><strong>comprehenderit:</strong></span> <span class='ocrx_word' id='word_1_105' title='bbox 2032 997 2143 1046; x_wconf 87' lang='lat' dir='ltr'><strong>Abi</strong></span> <span class='ocrx_word' id='word_1_106' title='bbox 2183 1000 2334 1050; x_wconf 83' lang='lat' dir='ltr'><strong>laudo</strong></span> <span class='ocrx_word' id='word_1_107' title='bbox 2374 1006 2473 1053; x_wconf 86' lang='lat' dir='ltr'><strong>scis</strong></span> <span class='ocrx_word' id='word_1_108' title='bbox 2504 1002 2677 1052; x_wconf 82' lang='lat' dir='ltr'><strong>ordine</strong></span> 
     </span>
     <span class='ocr_line' id='line_1_12' title="bbox 305 1079 2677 1152; baseline 0.003 -23"><span class='ocrx_word' id='word_1_109' title='bbox 305 1092 356 1129; x_wconf 84' lang='lat' dir='ltr'><strong>ut</strong></span> <span class='ocrx_word' id='word_1_110' title='bbox 386 1091 672 1149; x_wconf 80' lang='lat' dir='ltr'><strong>aequomst,</strong></span> <span class='ocrx_word' id='word_1_111' title='bbox 715 1080 916 1128; x_wconf 87' lang='lat' dir='ltr'><strong>Bothius</strong></span> <span class='ocrx_word' id='word_1_112' title='bbox 949 1080 1183 1127; x_wconf 81' lang='lat' dir='ltr'><strong>absonam</strong></span> <span class='ocrx_word' id='word_1_113' title='bbox 1225 1096 1421 1144; x_wconf 87' lang='lat' dir='ltr'><strong>prorsus</strong></span> <span class='ocrx_word' id='word_1_114' title='bbox 1464 1080 1670 1130; x_wconf 84' lang='lat' dir='ltr'><strong>formam</strong></span> <span class='ocrx_word' id='word_1_115' title='bbox 1713 1079 2147 1145; x_wconf 84' lang='lat' dir='ltr'><strong>hypercatalectam</strong></span> <span class='ocrx_word' id='word_1_116' title='bbox 2194 1085 2442 1133; x_wconf 90' lang='lat' dir='ltr'><strong>constituit</strong></span> <span class='ocrx_word' id='word_1_117' title='bbox 2482 1084 2677 1152; x_wconf 83' lang='lat' dir='ltr'><strong>Semper·</strong></span> 
     </span>
     <span class='ocr_line' id='line_1_13' title="bbox 304 1160 2673 1230; baseline 0.001 -21"><span class='ocrx_word' id='word_1_118' title='bbox 304 1163 545 1211; x_wconf 82' lang='lat' dir='ltr'><strong>mendicis</strong></span> <span class='ocrx_word' id='word_1_119' title='bbox 579 1161 790 1211; x_wconf 80' lang='lat' dir='ltr'><strong>modesti</strong></span> <span class='ocrx_word' id='word_1_120' title='bbox 816 1164 942 1224; x_wconf 82' lang='lat' dir='ltr'><strong>sint,</strong></span> <span class='ocrx_word' id='word_1_121' title='bbox 976 1161 1337 1211; x_wconf 85' lang='lat' dir='ltr'><strong>Lindemannus</strong></span> <span class='ocrx_word' id='word_1_122' title='bbox 1385 1170 1545 1210; x_wconf 88' lang='lat' dir='ltr'><strong>autem</strong></span> <span class='ocrx_word' id='word_1_123' title='bbox 1588 1162 1657 1208; x_wconf 90' lang='lat' dir='ltr'><strong>sic</strong></span> <span class='ocrx_word' id='word_1_124' title='bbox 1701 1162 1977 1211; x_wconf 81' lang='lat' dir='ltr'><strong>certissima</strong></span> <span class='ocrx_word' id='word_1_125' title='bbox 2016 1160 2197 1210; x_wconf 82' lang='lat' dir='ltr'><strong>scilicet</strong></span> <span class='ocrx_word' id='word_1_126' title='bbox 2238 1167 2518 1214; x_wconf 83' lang='lat' dir='ltr'><strong>coniectura</strong></span> <span class='ocrx_word' id='word_1_127' title='bbox 2551 1165 2673 1230; x_wconf 83' lang='lat' dir='ltr'><strong>(ipse</strong></span> 
     </span>
     <span class='ocr_line' id='line_1_14' title="bbox 305 1244 1470 1309; baseline 0.003 -19"><span class='ocrx_word' id='word_1_128' title='bbox 305 1248 434 1291; x_wconf 88' lang='lat' dir='ltr'><strong>euim</strong></span> <span class='ocrx_word' id='word_1_129' title='bbox 469 1247 550 1302; x_wconf 89' lang='lat' dir='ltr'><strong>ait)</strong></span> <span class='ocrx_word' id='word_1_130' title='bbox 586 1245 929 1309; x_wconf 83' lang='lat' dir='ltr'><strong>conglutinatis</strong></span> <span class='ocrx_word' id='word_1_131' title='bbox 962 1244 1156 1292; x_wconf 85' lang='lat' dir='ltr'><strong>duobus</strong></span> <span class='ocrx_word' id='word_1_132' title='bbox 1191 1245 1470 1295; x_wconf 82' lang='lat' dir='ltr'><strong>enuntiatis:</strong></span> 
     </span>
    </p>

    <p class='ocr_par' dir='ltr' id='par_1_5' title="bbox 297 1324 2672 1883">
     <span class='ocr_line' id='line_1_15' title="bbox 567 1324 2284 1392; baseline -0.001 -18"><span class='ocrx_word' id='word_1_133' title='bbox 567 1324 766 1392; x_wconf 84' lang='lat' dir='ltr'><strong>Semper</strong></span> <span class='ocrx_word' id='word_1_134' title='bbox 800 1326 1042 1378; x_wconf 83' lang='lat' dir='ltr'><strong>mendicis</strong></span> <span class='ocrx_word' id='word_1_135' title='bbox 1075 1326 1310 1376; x_wconf 84' lang='lat' dir='ltr'><strong>modestis</strong></span> <span class='ocrx_word' id='word_1_136' title='bbox 1326 1326 1474 1389; x_wconf 80' lang='lat' dir='ltr'><strong>fidus</strong></span> <span class='ocrx_word' id='word_1_137' title='bbox 1495 1328 1672 1387; x_wconf 86' lang='lat' dir='ltr'><strong>fuisti,</strong></span> <span class='ocrx_word' id='word_1_138' title='bbox 1705 1324 1908 1390; x_wconf 82' lang='lat' dir='ltr'><strong>infidum</strong></span> <span class='ocrx_word' id='word_1_139' title='bbox 1939 1340 2046 1374; x_wconf 87' lang='lat' dir='ltr'><strong>esse</strong></span> <span class='ocrx_word' id='word_1_140' title='bbox 2081 1327 2284 1375; x_wconf 79' lang='lat' dir='ltr'><strong>iterant:</strong></span> 
     </span>
     <span class='ocr_line' id='line_1_16' title="bbox 303 1407 2672 1477; baseline 0.001 -21"><span class='ocrx_word' id='word_1_141' title='bbox 303 1408 566 1459; x_wconf 87' lang='lat' dir='ltr'><strong>dimetrum</strong></span> <span class='ocrx_word' id='word_1_142' title='bbox 600 1408 754 1456; x_wconf 82' lang='lat' dir='ltr'><strong>voluit</strong></span> <span class='ocrx_word' id='word_1_143' title='bbox 787 1407 921 1456; x_wconf 91' lang='lat' dir='ltr'><strong>hunc</strong></span> <span class='ocrx_word' id='word_1_144' title='bbox 955 1425 1078 1456; x_wconf 87' lang='lat' dir='ltr'><strong>esse:</strong></span> <span class='ocrx_word' id='word_1_145' title='bbox 1109 1409 1243 1456; x_wconf 81' lang='lat' dir='ltr'><strong>Nam</strong></span> <span class='ocrx_word' id='word_1_146' title='bbox 1276 1407 1462 1477; x_wconf 84' lang='lat' dir='ltr'><strong>absque</strong></span> <span class='ocrx_word' id='word_1_147' title='bbox 1483 1413 1629 1468; x_wconf 85' lang='lat' dir='ltr'><strong>foret</strong></span> <span class='ocrx_word' id='word_1_148' title='bbox 1662 1419 1732 1466; x_wconf 88' lang='lat' dir='ltr'><strong>te,</strong></span> <span class='ocrx_word' id='word_1_149' title='bbox 1766 1418 1846 1456; x_wconf 90' lang='lat' dir='ltr'><strong>sat</strong></span> <span class='ocrx_word' id='word_1_150' title='bbox 1878 1411 1982 1456; x_wconf 85' lang='lat' dir='ltr'><strong>scio</strong></span> <span class='ocrx_word' id='word_1_151' title='bbox 2030 1410 2081 1454; x_wconf 87' lang='lat' dir='ltr'><strong>in</strong></span> <span class='ocrx_word' id='word_1_152' title='bbox 2114 1408 2232 1455; x_wconf 84' lang='lat' dir='ltr'><strong>alto.</strong></span> <span class='ocrx_word' id='word_1_153' title='bbox 2313 1408 2489 1456; x_wconf 78' lang='lat' dir='ltr'><strong>Contra</strong></span> <span class='ocrx_word' id='word_1_154' title='bbox 2533 1426 2672 1473; x_wconf 89' lang='lat' dir='ltr'><strong>prae-</strong></span> 
     </span>
     <span class='ocr_line' id='line_1_17' title="bbox 304 1488 2671 1553; baseline 0.001 -17"><span class='ocrx_word' id='word_1_155' title='bbox 304 1491 428 1537; x_wconf 89' lang='lat' dir='ltr'><strong>clare</strong></span> <span class='ocrx_word' id='word_1_156' title='bbox 464 1490 640 1540; x_wconf 85' lang='lat' dir='ltr'><strong>evitato</strong></span> <span class='ocrx_word' id='word_1_157' title='bbox 677 1490 774 1536; x_wconf 90' lang='lat' dir='ltr'><strong>hoc</strong></span> <span class='ocrx_word' id='word_1_158' title='bbox 810 1488 1129 1536; x_wconf 90' lang='lat' dir='ltr'><strong>incommodo</strong></span> <span class='ocrx_word' id='word_1_159' title='bbox 1165 1490 1603 1553; x_wconf 86' lang='lat' dir='ltr'><strong>ingeniosissimam</strong></span> <span class='ocrx_word' id='word_1_160' title='bbox 1648 1489 1774 1536; x_wconf 82' lang='lat' dir='ltr'><strong>viam</strong></span> <span class='ocrx_word' id='word_1_161' title='bbox 1813 1488 2112 1536; x_wconf 88' lang='lat' dir='ltr'><strong>Hermannus</strong></span> <span class='ocrx_word' id='word_1_162' title='bbox 2151 1490 2384 1553; x_wconf 80' lang='lat' dir='ltr'><strong>ingressus</strong></span> <span class='ocrx_word' id='word_1_163' title='bbox 2418 1492 2562 1547; x_wconf 80' lang='lat' dir='ltr'><strong>verba</strong></span> <span class='ocrx_word' id='word_1_164' title='bbox 2596 1492 2671 1539; x_wconf 90' lang='lat' dir='ltr'><strong>illa</strong></span> 
     </span>
     <span class='ocr_line' id='line_1_18' title="bbox 303 1566 2670 1639; baseline 0 -20"><span class='ocrx_word' id='word_1_165' title='bbox 303 1571 485 1619; x_wconf 77' lang='lat' dir='ltr'><strong>nobae‘lis</strong></span> <span class='ocrx_word' id='word_1_166' title='bbox 517 1571 653 1635; x_wconf 82' lang='lat' dir='ltr'><strong>apud</strong></span> <span class='ocrx_word' id='word_1_167' title='bbox 688 1573 937 1632; x_wconf 79' lang='lat' dir='ltr'><strong>homines,</strong></span> <span class='ocrx_word' id='word_1_168' title='bbox 977 1579 1033 1617; x_wconf 92' lang='lat' dir='ltr'><strong>ut</strong></span> <span class='ocrx_word' id='word_1_169' title='bbox 1074 1570 1137 1617; x_wconf 86' lang='lat' dir='ltr'><strong>de</strong></span> <span class='ocrx_word' id='word_1_170' title='bbox 1172 1587 1254 1617; x_wconf 89' lang='lat' dir='ltr'><strong>sua</strong></span> <span class='ocrx_word' id='word_1_171' title='bbox 1289 1571 1403 1618; x_wconf 88' lang='lat' dir='ltr'><strong>sede</strong></span> <span class='ocrx_word' id='word_1_172' title='bbox 1442 1566 1669 1633; x_wconf 86' lang='lat' dir='ltr'><strong>traiecta,</strong></span> <span class='ocrx_word' id='word_1_173' title='bbox 1703 1571 1867 1619; x_wconf 83' lang='lat' dir='ltr'><strong>ascivit</strong></span> <span class='ocrx_word' id='word_1_174' title='bbox 1912 1570 1974 1619; x_wconf 90' lang='lat' dir='ltr'><strong>ad</strong></span> <span class='ocrx_word' id='word_1_175' title='bbox 2009 1571 2235 1620; x_wconf 84' lang='lat' dir='ltr'><strong>inferiora</strong></span> <span class='ocrx_word' id='word_1_176' title='bbox 2273 1589 2380 1621; x_wconf 89' lang='lat' dir='ltr'><strong>cum</strong></span> <span class='ocrx_word' id='word_1_177' title='bbox 2425 1574 2579 1639; x_wconf 86' lang='lat' dir='ltr'><strong>iisque</strong></span> <span class='ocrx_word' id='word_1_178' title='bbox 2619 1574 2670 1621; x_wconf 92' lang='lat' dir='ltr'><strong>in</strong></span> 
     </span>
     <span class='ocr_line' id='line_1_19' title="bbox 297 1652 1581 1716; baseline -0.001 -15"><span class='ocrx_word' id='word_1_179' title='bbox 297 1656 423 1701; x_wconf 86' lang='lat' dir='ltr'><strong>hanc</strong></span> <span class='ocrx_word' id='word_1_180' title='bbox 458 1655 724 1701; x_wconf 89' lang='lat' dir='ltr'><strong>tetrametri</strong></span> <span class='ocrx_word' id='word_1_181' title='bbox 760 1652 1127 1716; x_wconf 83' lang='lat' dir='ltr'><strong>structuraeque</strong></span> <span class='ocrx_word' id='word_1_182' title='bbox 1158 1654 1369 1716; x_wconf 87' lang='lat' dir='ltr'><strong>speciem</strong></span> <span class='ocrx_word' id='word_1_183' title='bbox 1408 1655 1581 1703; x_wconf 86' lang='lat' dir='ltr'><strong>iunxit:</strong></span> 
     </span>
     <span class='ocr_line' id='line_1_20' title="bbox 1587 1733 2149 1800; baseline -0.004 -16"><span class='ocrx_word' id='word_1_184' title='bbox 1587 1742 1589 1744; x_wconf 76' lang='grc'>’</span> <span class='ocrx_word' id='word_1_185' title='bbox 1635 1735 1726 1784; x_wconf 77' lang='lat' dir='ltr'><strong>hoc</strong></span> <span class='ocrx_word' id='word_1_186' title='bbox 1758 1733 1839 1783; x_wconf 81' lang='lat' dir='ltr'><strong>dis</strong></span> <span class='ocrx_word' id='word_1_187' title='bbox 1874 1734 2149 1800; x_wconf 77' lang='lat' dir='ltr'><strong>dignumst.</strong></span> 
     </span>
     <span class='ocr_line' id='line_1_21' title="bbox 558 1813 2323 1883; baseline -0.001 -18"><span class='ocrx_word' id='word_1_188' title='bbox 558 1815 758 1883; x_wconf 82' lang='lat' dir='ltr'><strong>Se&#39;mper</strong></span> <span class='ocrx_word' id='word_1_189' title='bbox 787 1813 1028 1865; x_wconf 76' lang='lat' dir='ltr'><strong>mendicis</strong></span> <span class='ocrx_word' id='word_1_190' title='bbox 1063 1815 1273 1865; x_wconf 77' lang='lat' dir='ltr'><strong>modesti</strong></span> <span class='ocrx_word' id='word_1_191' title='bbox 1308 1826 1361 1865; x_wconf 84' lang='lat' dir='ltr'><strong>ut</strong></span> <span class='ocrx_word' id='word_1_192' title='bbox 1393 1814 1506 1870; x_wconf 76' lang='lat' dir='ltr'><strong>sint,</strong></span> <span class='ocrx_word' id='word_1_193' title='bbox 1540 1832 1681 1865; x_wconf 86' lang='lat' dir='ltr'><strong>secus</strong></span> <span class='ocrx_word' id='word_1_194' title='bbox 1714 1813 1895 1866; x_wconf 75' lang='lat' dir='ltr'><strong>nobilis</strong></span> <span class='ocrx_word' id='word_1_195' title='bbox 1922 1815 2059 1882; x_wconf 81' lang='lat' dir='ltr'><strong>apud</strong></span> <span class='ocrx_word' id='word_1_196' title='bbox 2091 1818 2323 1865; x_wconf 81' lang='lat' dir='ltr'><strong>homines.</strong></span> 
     </span>
    </p>

    <p class='ocr_par' dir='ltr' id='par_1_6' title="bbox 293 1893 2668 2952">
     <span class='ocr_line' id='line_1_22' title="bbox 299 1893 2668 1963; baseline 0.001 -19"><span class='ocrx_word' id='word_1_197' title='bbox 299 1901 362 1945; x_wconf 80' lang='lat' dir='ltr'><strong>lta</strong></span> <span class='ocrx_word' id='word_1_198' title='bbox 399 1917 460 1946; x_wconf 89' lang='lat' dir='ltr'><strong>ne</strong></span> <span class='ocrx_word' id='word_1_199' title='bbox 502 1911 549 1948; x_wconf 89' lang='lat' dir='ltr'><strong>et</strong></span> <span class='ocrx_word' id='word_1_200' title='bbox 585 1899 787 1962; x_wconf 87' lang='lat' dir='ltr'><strong>quidem</strong></span> <span class='ocrx_word' id='word_1_201' title='bbox 823 1897 942 1946; x_wconf 87' lang='lat' dir='ltr'><strong>illud</strong></span> <span class='ocrx_word' id='word_1_202' title='bbox 972 1898 1242 1962; x_wconf 85' lang='lat' dir='ltr'><strong>neglectum</strong></span> <span class='ocrx_word' id='word_1_203' title='bbox 1279 1907 1367 1960; x_wconf 91' lang='lat' dir='ltr'><strong>est,</strong></span> <span class='ocrx_word' id='word_1_204' title='bbox 1402 1914 1457 1944; x_wconf 86' lang='lat' dir='ltr'><strong>ex</strong></span> <span class='ocrx_word' id='word_1_205' title='bbox 1492 1909 1545 1948; x_wconf 81' lang='lat' dir='ltr'><strong>ut</strong></span> <span class='ocrx_word' id='word_1_206' title='bbox 1579 1906 1890 1963; x_wconf 87' lang='lat' dir='ltr'><strong>corruptum,</strong></span> <span class='ocrx_word' id='word_1_207' title='bbox 1924 1898 2078 1945; x_wconf 86' lang='lat' dir='ltr'><strong>solum</strong></span> <span class='ocrx_word' id='word_1_208' title='bbox 2116 1893 2274 1945; x_wconf 80' lang='lat' dir='ltr'><strong>autem</strong></span> <span class='ocrx_word' id='word_1_209' title='bbox 2310 1913 2449 1947; x_wconf 86' lang='lat' dir='ltr'><strong>secus</strong></span> <span class='ocrx_word' id='word_1_210' title='bbox 2482 1909 2668 1961; x_wconf 85' lang='lat' dir='ltr'><strong>praeter</strong></span> 
     </span>
     <span class='ocr_line' id='line_1_23' title="bbox 297 1971 2668 2043; baseline 0 -17"><span class='ocrx_word' id='word_1_211' title='bbox 297 1982 447 2029; x_wconf 87' lang='lat' dir='ltr'><strong>libros</strong></span> <span class='ocrx_word' id='word_1_212' title='bbox 483 1980 720 2027; x_wconf 84' lang='lat' dir='ltr'><strong>additum.</strong></span> <span class='ocrx_word' id='word_1_213' title='bbox 800 1977 929 2026; x_wconf 83' lang='lat' dir='ltr'><strong>Nihil</strong></span> <span class='ocrx_word' id='word_1_214' title='bbox 978 1988 1136 2026; x_wconf 82' lang='lat' dir='ltr'><strong>aut-em</strong></span> <span class='ocrx_word' id='word_1_215' title='bbox 1187 1979 1482 2041; x_wconf 88' lang='lat' dir='ltr'><strong>frequentius</strong></span> <span class='ocrx_word' id='word_1_216' title='bbox 1526 1996 1673 2043; x_wconf 87' lang='lat' dir='ltr'><strong>quam</strong></span> <span class='ocrx_word' id='word_1_217' title='bbox 1720 1971 1932 2027; x_wconf 78' lang='lat' dir='ltr'><strong>traiectis</strong></span> <span class='ocrx_word' id='word_1_218' title='bbox 1973 1996 2196 2028; x_wconf 84' lang='lat' dir='ltr'><strong>versuum</strong></span> <span class='ocrx_word' id='word_1_219' title='bbox 2240 1980 2483 2043; x_wconf 83' lang='lat' dir='ltr'><strong>particulis</strong></span> <span class='ocrx_word' id='word_1_220' title='bbox 2531 1981 2668 2027; x_wconf 89' lang='lat' dir='ltr'><strong>simul</strong></span> 
     </span>
     <span class='ocr_line' id='line_1_24' title="bbox 296 2060 2665 2125; baseline 0.001 -17"><span class='ocrx_word' id='word_1_221' title='bbox 296 2062 528 2110; x_wconf 82' lang='lat' dir='ltr'><strong>excidisse</strong></span> <span class='ocrx_word' id='word_1_222' title='bbox 572 2061 781 2125; x_wconf 68' lang='lat' dir='ltr'><strong>aliquid·</strong></span> <span class='ocrx_word' id='word_1_223' title='bbox 856 2061 912 2108; x_wconf 90' lang='lat' dir='ltr'><strong>Et</strong></span> <span class='ocrx_word' id='word_1_224' title='bbox 966 2069 1018 2106; x_wconf 92' lang='lat' dir='ltr'><strong>ut</strong></span> <span class='ocrx_word' id='word_1_225' title='bbox 1064 2060 1313 2125; x_wconf 87' lang='lat' dir='ltr'><strong>aliquid</strong></span> <span class='ocrx_word' id='word_1_226' title='bbox 1361 2060 1582 2110; x_wconf 86' lang='lat' dir='ltr'><strong>audaculi</strong></span> <span class='ocrx_word' id='word_1_227' title='bbox 1631 2064 1753 2112; x_wconf 89' lang='lat' dir='ltr'><strong>haec</strong></span> <span class='ocrx_word' id='word_1_228' title='bbox 1797 2063 2058 2112; x_wconf 87' lang='lat' dir='ltr'><strong>Hermanni</strong></span> <span class='ocrx_word' id='word_1_229' title='bbox 2114 2064 2236 2111; x_wconf 88' lang='lat' dir='ltr'><strong>ratio</strong></span> <span class='ocrx_word' id='word_1_230' title='bbox 2285 2062 2481 2109; x_wconf 91' lang='lat' dir='ltr'><strong>habeat:</strong></span> <span class='ocrx_word' id='word_1_231' title='bbox 2538 2065 2665 2122; x_wconf 89' lang='lat' dir='ltr'><strong>(nam</strong></span> 
     </span>
     <span class='ocr_line' id='line_1_25' title="bbox 296 2142 2668 2207; baseline 0 -16"><span class='ocrx_word' id='word_1_232' title='bbox 296 2146 549 2191; x_wconf 88' lang='lat' dir='ltr'><strong>multum</strong></span> <span class='ocrx_word' id='word_1_233' title='bbox 587 2144 770 2193; x_wconf 88' lang='lat' dir='ltr'><strong>habere</strong></span> <span class='ocrx_word' id='word_1_234' title='bbox 805 2142 938 2190; x_wconf 88' lang='lat' dir='ltr'><strong>haud</strong></span> <span class='ocrx_word' id='word_1_235' title='bbox 972 2143 1323 2204; x_wconf 77' lang='lat' dir='ltr'><strong>concesserim,</strong></span> <span class='ocrx_word' id='word_1_236' title='bbox 1368 2145 1633 2207; x_wconf 89' lang='lat' dir='ltr'><strong>quoniam,</strong></span> <span class='ocrx_word' id='word_1_237' title='bbox 1667 2146 1705 2191; x_wconf 89' lang='lat' dir='ltr'><strong>si</strong></span> <span class='ocrx_word' id='word_1_238' title='bbox 1742 2163 1768 2192; x_wconf 89' lang='lat' dir='ltr'><strong>a</strong></span> <span class='ocrx_word' id='word_1_239' title='bbox 1804 2146 1901 2192; x_wconf 88' lang='lat' dir='ltr'><strong>veri</strong></span> <span class='ocrx_word' id='word_1_240' title='bbox 1943 2145 2258 2192; x_wconf 83' lang='lat' dir='ltr'><strong>similitudine</strong></span> <span class='ocrx_word' id='word_1_241' title='bbox 2301 2161 2397 2190; x_wconf 89' lang='lat' dir='ltr'><strong>non</strong></span> <span class='ocrx_word' id='word_1_242' title='bbox 2444 2145 2668 2192; x_wconf 78' lang='lat' dir='ltr'><strong>abhorret</strong></span> 
     </span>
     <span class='ocr_line' id='line_1_26' title="bbox 296 2223 2665 2291; baseline 0 -18"><span class='ocrx_word' id='word_1_243' title='bbox 296 2242 424 2289; x_wconf 83' lang='lat' dir='ltr'><strong>quac</strong></span> <span class='ocrx_word' id='word_1_244' title='bbox 459 2242 623 2274; x_wconf 87' lang='lat' dir='ltr'><strong>caussa</strong></span> <span class='ocrx_word' id='word_1_245' title='bbox 659 2225 896 2289; x_wconf 85' lang='lat' dir='ltr'><strong>cogitatur</strong></span> <span class='ocrx_word' id='word_1_246' title='bbox 930 2225 1249 2288; x_wconf 86' lang='lat' dir='ltr'><strong>corruptelae,</strong></span> <span class='ocrx_word' id='word_1_247' title='bbox 1285 2223 1406 2275; x_wconf 87' lang='lat' dir='ltr'><strong>nihil</strong></span> <span class='ocrx_word' id='word_1_248' title='bbox 1437 2225 1603 2287; x_wconf 83' lang='lat' dir='ltr'><strong>refert,</strong></span> <span class='ocrx_word' id='word_1_249' title='bbox 1642 2243 1787 2289; x_wconf 89' lang='lat' dir='ltr'><strong>quam</strong></span> <span class='ocrx_word' id='word_1_250' title='bbox 1825 2228 1916 2275; x_wconf 90' lang='lat' dir='ltr'><strong>late</strong></span> <span class='ocrx_word' id='word_1_251' title='bbox 1955 2236 2116 2291; x_wconf 82' lang='lat' dir='ltr'><strong>pateat</strong></span> <span class='ocrx_word' id='word_1_252' title='bbox 2152 2225 2287 2290; x_wconf 90' lang='lat' dir='ltr'><strong>quod</strong></span> <span class='ocrx_word' id='word_1_253' title='bbox 2322 2242 2348 2271; x_wconf 94' lang='lat' dir='ltr'><strong>e</strong></span> <span class='ocrx_word' id='word_1_254' title='bbox 2390 2242 2556 2273; x_wconf 82' lang='lat' dir='ltr'><strong>caussa</strong></span> <span class='ocrx_word' id='word_1_255' title='bbox 2590 2227 2665 2273; x_wconf 90' lang='lat' dir='ltr'><strong>illa</strong></span> 
     </span>
     <span class='ocr_line' id='line_1_27' title="bbox 295 2305 2664 2374; baseline 0.001 -21"><span class='ocrx_word' id='word_1_256' title='bbox 295 2324 599 2371; x_wconf 84' lang='lat' dir='ltr'><strong>consequens</strong></span> <span class='ocrx_word' id='word_1_257' title='bbox 633 2307 729 2359; x_wconf 86' lang='lat' dir='ltr'><strong>sit:)</strong></span> <span class='ocrx_word' id='word_1_258' title='bbox 766 2315 814 2353; x_wconf 91' lang='lat' dir='ltr'><strong>at</strong></span> <span class='ocrx_word' id='word_1_259' title='bbox 849 2306 898 2351; x_wconf 90' lang='lat' dir='ltr'><strong>in</strong></span> <span class='ocrx_word' id='word_1_260' title='bbox 930 2314 1060 2352; x_wconf 86' lang='lat' dir='ltr'><strong>tanta</strong></span> <span class='ocrx_word' id='word_1_261' title='bbox 1094 2305 1440 2369; x_wconf 85' lang='lat' dir='ltr'><strong>depravatione</strong></span> <span class='ocrx_word' id='word_1_262' title='bbox 1476 2308 1712 2355; x_wconf 90' lang='lat' dir='ltr'><strong>librorum</strong></span> <span class='ocrx_word' id='word_1_263' title='bbox 1745 2309 2079 2356; x_wconf 87' lang='lat' dir='ltr'><strong>Plautinorum</strong></span> <span class='ocrx_word' id='word_1_264' title='bbox 2121 2310 2224 2374; x_wconf 82' lang='lat' dir='ltr'><strong>quis</strong></span> <span class='ocrx_word' id='word_1_265' title='bbox 2258 2308 2408 2354; x_wconf 86' lang='lat' dir='ltr'><strong>nescit</strong></span> <span class='ocrx_word' id='word_1_266' title='bbox 2431 2306 2664 2371; x_wconf 79' lang='lat' dir='ltr'><strong>frequenti</strong></span> 
     </span>
     <span class='ocr_line' id='line_1_28' title="bbox 296 2383 2663 2453; baseline -0.001 -17"><span class='ocrx_word' id='word_1_267' title='bbox 296 2407 384 2437; x_wconf 87' lang='lat' dir='ltr'><strong>usu</strong></span> <span class='ocrx_word' id='word_1_268' title='bbox 420 2391 643 2450; x_wconf 83' lang='lat' dir='ltr'><strong>evenire,</strong></span> <span class='ocrx_word' id='word_1_269' title='bbox 671 2399 724 2436; x_wconf 89' lang='lat' dir='ltr'><strong>ut</strong></span> <span class='ocrx_word' id='word_1_270' title='bbox 760 2383 1063 2451; x_wconf 72' lang='lat' dir='ltr'><strong>quavis&#39;a&#39;rte</strong></span> <span class='ocrx_word' id='word_1_271' title='bbox 1094 2389 1361 2434; x_wconf 89' lang='lat' dir='ltr'><strong>sententiae</strong></span> <span class='ocrx_word' id='word_1_272' title='bbox 1397 2390 1655 2451; x_wconf 82' lang='lat' dir='ltr'><strong>integritati</strong></span> <span class='ocrx_word' id='word_1_273' title='bbox 1693 2391 1855 2453; x_wconf 89' lang='lat' dir='ltr'><strong>potius</strong></span> <span class='ocrx_word' id='word_1_274' title='bbox 1896 2406 2311 2453; x_wconf 86' lang='lat' dir='ltr'><strong>numerorumque</strong></span> <span class='ocrx_word' id='word_1_275' title='bbox 2355 2389 2663 2436; x_wconf 85' lang='lat' dir='ltr'><strong>concinnitati</strong></span> 
     </span>
     <span class='ocr_line' id='line_1_29' title="bbox 296 2469 2665 2535; baseline -0.001 -17"><span class='ocrx_word' id='word_1_276' title='bbox 296 2470 649 2518; x_wconf 88' lang='lat' dir='ltr'><strong>consulendum</strong></span> <span class='ocrx_word' id='word_1_277' title='bbox 685 2470 762 2529; x_wconf 85' lang='lat' dir='ltr'><strong>sit,</strong></span> <span class='ocrx_word' id='word_1_278' title='bbox 797 2485 943 2532; x_wconf 90' lang='lat' dir='ltr'><strong>quam</strong></span> <span class='ocrx_word' id='word_1_279' title='bbox 975 2470 1076 2514; x_wconf 90' lang='lat' dir='ltr'><strong>sola</strong></span> <span class='ocrx_word' id='word_1_280' title='bbox 1113 2469 1409 2517; x_wconf 89' lang='lat' dir='ltr'><strong>emendandi</strong></span> <span class='ocrx_word' id='word_1_281' title='bbox 1446 2471 1676 2518; x_wconf 90' lang='lat' dir='ltr'><strong>lenitas</strong></span> <span class='ocrx_word' id='word_1_282' title='bbox 1710 2471 1958 2535; x_wconf 71' lang='lat' dir='ltr'><strong>curanda?</strong></span> <span class='ocrx_word' id='word_1_283' title='bbox 2033 2471 2128 2518; x_wconf 89' lang='lat' dir='ltr'><strong>Sed</strong></span> <span class='ocrx_word' id='word_1_284' title='bbox 2173 2472 2243 2518; x_wconf 87' lang='lat' dir='ltr'><strong>vel</strong></span> <span class='ocrx_word' id='word_1_285' title='bbox 2289 2472 2357 2517; x_wconf 89' lang='lat' dir='ltr'><strong>sic</strong></span> <span class='ocrx_word' id='word_1_286' title='bbox 2400 2478 2561 2516; x_wconf 85' lang='lat' dir='ltr'><strong>tamen</strong></span> <span class='ocrx_word' id='word_1_287' title='bbox 2605 2470 2665 2516; x_wconf 89' lang='lat' dir='ltr'><strong>de</strong></span> 
     </span>
     <span class='ocr_line' id='line_1_30' title="bbox 294 2550 2664 2617; baseline 0 -19"><span class='ocrx_word' id='word_1_288' title='bbox 294 2555 532 2600; x_wconf 90' lang='lat' dir='ltr'><strong>sententia</strong></span> <span class='ocrx_word' id='word_1_289' title='bbox 569 2568 676 2602; x_wconf 88' lang='lat' dir='ltr'><strong>mea</strong></span> <span class='ocrx_word' id='word_1_290' title='bbox 713 2550 884 2598; x_wconf 89' lang='lat' dir='ltr'><strong>cedam</strong></span> <span class='ocrx_word' id='word_1_291' title='bbox 928 2568 1228 2615; x_wconf 88' lang='lat' dir='ltr'><strong>omnemque</strong></span> <span class='ocrx_word' id='word_1_292' title='bbox 1274 2553 1513 2600; x_wconf 85' lang='lat' dir='ltr'><strong>rationem</strong></span> <span class='ocrx_word' id='word_1_293' title='bbox 1563 2554 1691 2601; x_wconf 89' lang='lat' dir='ltr'><strong>illam</strong></span> <span class='ocrx_word' id='word_1_294' title='bbox 1736 2555 1929 2602; x_wconf 87' lang='lat' dir='ltr'><strong>missam</strong></span> <span class='ocrx_word' id='word_1_295' title='bbox 1979 2554 2178 2617; x_wconf 88' lang='lat' dir='ltr'><strong>faciam,</strong></span> <span class='ocrx_word' id='word_1_296' title='bbox 2213 2553 2501 2616; x_wconf 86' lang='lat' dir='ltr'><strong>simulatque</strong></span> <span class='ocrx_word' id='word_1_297' title='bbox 2542 2551 2664 2598; x_wconf 83' lang='lat' dir='ltr'><strong>viam</strong></span> 
     </span>
     <span class='ocr_line' id='line_1_31' title="bbox 295 2633 2666 2704; baseline -0 -22"><span class='ocrx_word' id='word_1_298' title='bbox 295 2636 661 2695; x_wconf 79' lang='lat' dir='ltr'><strong>monstraveris,</strong></span> <span class='ocrx_word' id='word_1_299' title='bbox 696 2649 794 2704; x_wconf 78' lang='lat' dir='ltr'><strong>qua</strong></span> <span class='ocrx_word' id='word_1_300' title='bbox 829 2649 999 2678; x_wconf 89' lang='lat' dir='ltr'><strong>eorum</strong></span> <span class='ocrx_word' id='word_1_301' title='bbox 1040 2649 1164 2697; x_wconf 86' lang='lat' dir='ltr'><strong>quos</strong></span> <span class='ocrx_word' id='word_1_302' title='bbox 1198 2643 1456 2682; x_wconf 85' lang='lat' dir='ltr'><strong>tractamus</strong></span> <span class='ocrx_word' id='word_1_303' title='bbox 1499 2651 1721 2683; x_wconf 86' lang='lat' dir='ltr'><strong>versuum</strong></span> <span class='ocrx_word' id='word_1_304' title='bbox 1757 2636 1942 2699; x_wconf 84' lang='lat' dir='ltr'><strong>primus</strong></span> <span class='ocrx_word' id='word_1_305' title='bbox 1983 2637 2300 2700; x_wconf 89' lang='lat' dir='ltr'><strong>probabiliter</strong></span> <span class='ocrx_word' id='word_1_306' title='bbox 2340 2633 2666 2681; x_wconf 76' lang='lat' dir='ltr'><strong>conformetur</strong></span> 
     </span>
     <span class='ocr_line' id='line_1_32' title="bbox 293 2712 2664 2785; baseline 0.001 -27"><span class='ocrx_word' id='word_1_307' title='bbox 293 2724 478 2760; x_wconf 72' lang='lat' dir='ltr'><strong>servato</strong></span> <span class='ocrx_word' id='word_1_308' title='bbox 514 2713 715 2776; x_wconf 80' lang='lat' dir='ltr'><strong>quidem</strong></span> <span class='ocrx_word' id='word_1_309' title='bbox 754 2714 836 2759; x_wconf 87' lang='lat' dir='ltr'><strong>illo</strong></span> <span class='ocrx_word' id='word_1_310' title='bbox 871 2712 1205 2759; x_wconf 79' lang='lat' dir='ltr'><strong>additamento</strong></span> <span class='ocrx_word' id='word_1_311' title='bbox 1242 2714 1379 2778; x_wconf 91' lang='lat' dir='ltr'><strong>quod</strong></span> <span class='ocrx_word' id='word_1_312' title='bbox 1414 2725 1484 2763; x_wconf 90' lang='lat' dir='ltr'><strong>est</strong></span> <span class='ocrx_word' id='word_1_313' title='bbox 1517 2717 1698 2766; x_wconf 84' lang='lat' dir='ltr'><strong>nobilis</strong></span> <span class='ocrx_word' id='word_1_314' title='bbox 1738 2718 1876 2785; x_wconf 80' lang='lat' dir='ltr'><strong>apud</strong></span> <span class='ocrx_word' id='word_1_315' title='bbox 1904 2719 2148 2772; x_wconf 81' lang='lat' dir='ltr'><strong>homines:</strong></span> <span class='ocrx_word' id='word_1_316' title='bbox 2196 2714 2331 2782; x_wconf 91' lang='lat' dir='ltr'><strong>quod</strong></span> <span class='ocrx_word' id='word_1_317' title='bbox 2364 2712 2664 2779; x_wconf 86' lang='lat' dir='ltr'><strong>persuasissi-</strong></span> 
     </span>
     <span class='ocr_line' id='line_1_33' title="bbox 294 2795 2667 2862; baseline 0.001 -19"><span class='ocrx_word' id='word_1_318' title='bbox 294 2816 426 2844; x_wconf 82' lang='lat' dir='ltr'><strong>mum</strong></span> <span class='ocrx_word' id='word_1_319' title='bbox 464 2797 623 2843; x_wconf 89' lang='lat' dir='ltr'><strong>habeo</strong></span> <span class='ocrx_word' id='word_1_320' title='bbox 661 2795 802 2843; x_wconf 85' lang='lat' dir='ltr'><strong>nullis</strong></span> <span class='ocrx_word' id='word_1_321' title='bbox 837 2795 1075 2844; x_wconf 83' lang='lat' dir='ltr'><strong>machinis</strong></span> <span class='ocrx_word' id='word_1_322' title='bbox 1109 2797 1330 2844; x_wconf 81' lang='lat' dir='ltr'><strong>effectum</strong></span> <span class='ocrx_word' id='word_1_323' title='bbox 1367 2799 1440 2845; x_wconf 89' lang='lat' dir='ltr'><strong>iri.</strong></span> <span class='ocrx_word' id='word_1_324' title='bbox 1510 2803 1822 2849; x_wconf 88' lang='lat' dir='ltr'><strong>Persanatum</strong></span> <span class='ocrx_word' id='word_1_325' title='bbox 1855 2812 2015 2851; x_wconf 84' lang='lat' dir='ltr'><strong>autem</strong></span> <span class='ocrx_word' id='word_1_326' title='bbox 2056 2818 2116 2850; x_wconf 87' lang='lat' dir='ltr'><strong>ne</strong></span> <span class='ocrx_word' id='word_1_327' title='bbox 2152 2802 2213 2849; x_wconf 92' lang='lat' dir='ltr'><strong>ab</strong></span> <span class='ocrx_word' id='word_1_328' title='bbox 2249 2799 2522 2848; x_wconf 84' lang='lat' dir='ltr'><strong>Hermanno</strong></span> <span class='ocrx_word' id='word_1_329' title='bbox 2557 2798 2667 2862; x_wconf 75' lang='lat' dir='ltr'><strong>qui-</strong></span> 
     </span>
     <span class='ocr_line' id='line_1_34' title="bbox 293 2879 2608 2952; baseline 0.004 -28"><span class='ocrx_word' id='word_1_330' title='bbox 293 2880 582 2952; x_wconf 74' lang='lat' dir='ltr'><strong>‹len·=‘put0,</strong></span> <span class='ocrx_word' id='word_1_331' title='bbox 619 2880 702 2942; x_wconf 89' lang='lat' dir='ltr'><strong>qui</strong></span> <span class='ocrx_word' id='word_1_332' title='bbox 741 2895 910 2942; x_wconf 89' lang='lat' dir='ltr'><strong>parum</strong></span> <span class='ocrx_word' id='word_1_333' title='bbox 946 2879 1091 2940; x_wconf 79' lang='lat' dir='ltr'><strong>gratis</strong></span> <span class='ocrx_word' id='word_1_334' title='bbox 1127 2879 1436 2929; x_wconf 85' lang='lat' dir='ltr'><strong>incrementis</strong></span> <span class='ocrx_word' id='word_1_335' title='bbox 1471 2892 1664 2937; x_wconf 85' lang='lat' dir='ltr'><strong>auctum</strong></span> <span class='ocrx_word' id='word_1_336' title='bbox 1699 2886 1767 2931; x_wconf 89' lang='lat' dir='ltr'><strong>sic</strong></span> <span class='ocrx_word' id='word_1_337' title='bbox 1801 2885 2072 2935; x_wconf 75' lang='lat' dir='ltr'><strong>constituit:</strong></span> <span class='ocrx_word' id='word_1_338' title='bbox 2605 2891 2608 2895; x_wconf 81' lang='grc'><strong>’</strong></span> 
     </span>
    </p>

    <p class='ocr_par' dir='ltr' id='par_1_7' title="bbox 458 2960 2405 3034">
     <span class='ocr_line' id='line_1_35' title="bbox 458 2960 2405 3034; baseline 0.001 -27"><span class='ocrx_word' id='word_1_339' title='bbox 458 2960 628 3031; x_wconf 80' lang='lat' dir='ltr'><strong>Atque</strong></span> <span class='ocrx_word' id='word_1_340' title='bbox 661 2975 755 3026; x_wconf 76' lang='lat' dir='ltr'><strong>ego</strong></span> <span class='ocrx_word' id='word_1_341' title='bbox 791 2962 919 3010; x_wconf 76' lang='lat' dir='ltr'><strong>hanc</strong></span> <span class='ocrx_word' id='word_1_342' title='bbox 953 2971 1084 3009; x_wconf 80' lang='lat' dir='ltr'><strong>tuam</strong></span> <span class='ocrx_word' id='word_1_343' title='bbox 1119 2961 1328 3025; x_wconf 69' lang='lat' dir='ltr'><strong>gloricim</strong></span> <span class='ocrx_word' id='word_1_344' title='bbox 1361 2962 1567 3013; x_wconf 57' lang='lat' dir='ltr'><strong>auribus</strong></span> <span class='ocrx_word' id='word_1_345' title='bbox 1597 2965 1795 3033; x_wconf 80' lang='lat' dir='ltr'><strong>qm‘dem</strong></span> <span class='ocrx_word' id='word_1_346' title='bbox 1830 2970 1926 3015; x_wconf 84' lang='lat' dir='ltr'><strong>iam</strong></span> <span class='ocrx_word' id='word_1_347' title='bbox 1960 2967 2242 3034; x_wconf 68' lang='lat' dir='ltr'><strong>acceperam</strong></span> <span class='ocrx_word' id='word_1_348' title='bbox 2276 2972 2405 3011; x_wconf 83' lang='lat' dir='ltr'><strong>ante.</strong></span> 
     </span>
    </p>

    <p class='ocr_par' dir='ltr' id='par_1_8' title="bbox 295 3042 2665 3112">
     <span class='ocr_line' id='line_1_36' title="bbox 295 3042 2665 3112; baseline -0.002 -23"><span class='ocrx_word' id='word_1_349' title='bbox 295 3043 407 3089; x_wconf 82' lang='lat' dir='ltr'><strong>Mihi</strong></span> <span class='ocrx_word' id='word_1_350' title='bbox 442 3045 549 3088; x_wconf 82' lang='lat' dir='ltr'><strong>talis</strong></span> <span class='ocrx_word' id='word_1_351' title='bbox 584 3043 727 3089; x_wconf 81' lang='lat' dir='ltr'><strong>fuisse</strong></span> <span class='ocrx_word' id='word_1_352' title='bbox 761 3042 843 3106; x_wconf 73' lang='lat' dir='ltr'><strong>bic</strong></span> <span class='ocrx_word' id='word_1_353' title='bbox 877 3059 1038 3088; x_wconf 79' lang='lat' dir='ltr'><strong>versus</strong></span> <span class='ocrx_word' id='word_1_354' title='bbox 1075 3043 1279 3103; x_wconf 82' lang='lat' dir='ltr'><strong>videtur,</strong></span> <span class='ocrx_word' id='word_1_355' title='bbox 1316 3054 1367 3090; x_wconf 89' lang='lat' dir='ltr'><strong>ut</strong></span> <span class='ocrx_word' id='word_1_356' title='bbox 1399 3047 1540 3093; x_wconf 88' lang='lat' dir='ltr'><strong>simul</strong></span> <span class='ocrx_word' id='word_1_357' title='bbox 1575 3062 1737 3096; x_wconf 87' lang='lat' dir='ltr'><strong>caussa</strong></span> <span class='ocrx_word' id='word_1_358' title='bbox 1773 3058 2018 3112; x_wconf 85' lang='lat' dir='ltr'><strong>appareat,</strong></span> <span class='ocrx_word' id='word_1_359' title='bbox 2052 3065 2139 3095; x_wconf 89' lang='lat' dir='ltr'><strong>cur</strong></span> <span class='ocrx_word' id='word_1_360' title='bbox 2171 3047 2267 3092; x_wconf 89' lang='lat' dir='ltr'><strong>huc</strong></span> <span class='ocrx_word' id='word_1_361' title='bbox 2301 3042 2604 3106; x_wconf 83' lang='lat' dir='ltr'><strong>potissimum</strong></span> <span class='ocrx_word' id='word_1_362' title='bbox 2640 3058 2665 3087; x_wconf 89' lang='lat' dir='ltr'><strong>a</strong></span> 
     </span>
    </p>
   </div>
  </div>
 </body>
</html>
