2952 3716
1238 174 1585 210 —V—

235 310 303 368 is,
337 315 483 369 quem
524 319 621 349 non
658 302 959 364 vigilantem,
995 299 1081 347 sed
1124 285 1470 349 dormitantem
1515 297 1962 360 somniantemquer
1988 306 2171 344 veteres
2200 299 2473 362 *scriptores
2515 308 2613 346 tra-

238 396 368 435 ctare
399 385 496 431 hoc
533 384 687 445 ipsum
721 382 994 444 exemplum
1032 380 1202 427 docet:
1226 389 1486 443 praeterea
1522 379 1787 442 asperrimo
1823 386 2035 442 uterque
2067 379 2228 441 hiatu,
2267 392 2413 447 atque
2445 382 2611 430 urbem

241 483 393 532 usque
428 468 478 511 in
514 480 665 511 meam
695 464 1017 510 HermannuS.
1087 463 1144 510 Et
1178 457 1347 509 urbem
1382 476 1537 526 usque
1570 477 1657 523 ego
1687 476 1891 523 quoque
1935 462 1985 507 in
2022 460 2114 509 urb
2150 465 2256 509 iseu
2286 461 2432 508 latere
2465 473 2610 525 puto:

240 547 331 596 sed·
361 563 416 593 ex
453 545 623 592 iisdem
658 548 720 593 οῐι
756 545 926 593 litteris
959 560 1070 593 cum
1104 544 1326 608 proxima
1359 548 1440 592 ιηᾶ
1471 542 1651 605 syllaba
1679 543 1873 590 sociatis
1905 543 2037 590 haud
2073 543 2174 589 scio
2209 560 2270 589 an
2294 545 2612 606 probabiliter

242 628 527 676 incolumem
565 627 660 674 iam
697 626 972 675 Gronovius
1000 627 1201 688 eruerit,
1243 626 1293 673 in
1339 623 1478 689 quod
1523 623 1984 673 Windischmannus
2030 644 2234 691 quoque
2283 625 2456 673 incidit
2495 628 2608 673 Mus.

243 710 397 760 Rhen.
428 709 465 772 Ι,
493 727 539 774 p.
579 711 699 772 118,
733 709 868 758 cuius
914 718 1080 757 tamen
1115 709 1301 771 reliqua
1344 706 1607 770 disputatio
1651 706 1752 754 fine
1801 707 1992 754 excidit.
2078 709 2158 755 Est
2204 711 2369 771 enim,
2410 712 2447 755 si
2492 712 2611 772 quid

241 792 403 853 video,
432 791 517 841 hic
548 792 683 840 locus
707 808 765 840 ex
797 809 967 840 eorum
1000 790 1327 852 multitudine,
1359 790 1608 852 inquibus
1640 789 1953 853 paucularum
1975 790 2239 837 litterarum
2267 793 2502 856 reliquiae
2537 794 2612 838 in-

242 874 372 931 dicio
405 874 696 938 integrarum
734 890 908 921 vocum
944 883 1072 921 sunt.
1114 899 1169 907 —-
1206 875 1319 921 v.·5
1356 888 1451 937 ego
1491 871 1681 919 addidit
1714 871 1915 936 quidem
1953 869 2278 935 Camerarius,
2307 874 2393 922 sed
2423 875 2611 923 addidit

241 974 268 1003 e
306 956 551 1002 Palatinis:
588 972 798 1017 quorum
829 955 1198 1001 collocationem
1233 955 1492 1000 verborum
1528 971 1624 1019 ego
1658 955 1890 1018 Neptune
1923 953 2017 1002 tibi
2059 955 2166 1008 (nisi
2202 955 2335 1018 quod
2373 957 2499 1003 miro
2536 973 2614 1003 er-

242 1054 354 1084 rore
382 1054 537 1104 neque
571 1046 681 1099 post
713 1054 809 1101 ego
845 1037 1128 1082 Decurtatus
1165 1038 1375 1090 inseruit)
1410 1038 1497 1085 vix,
1528 1030 1699 1082 dubito
1738 1035 1860 1098 quin
1895 1035 2243 1098 significantius
2287 1052 2396 1082 cum
2435 1038 2612 1084 Bothio

239 1118 305 1164 ita
326 1118 395 1164 uti
414 1117 630 1178 fecimus,
647 1134 794 1180 quam
816 1118 884 1163 sic
902 1119 1111 1181 corrigas
1129 1134 1240 1163 cum
1261 1118 1561 1163 Hermanno:
1579 1133 1671 1182 ego
1693 1116 1786 1164 tibi
1802 1117 2062 1181 Neptune,
2097 1133 2381 1181 quanquam
2403 1129 2611 1182 utroque

241 1199 394 1246 modo
428 1200 536 1260 tibi,
569 1201 619 1245 in
655 1216 756 1262 quo
792 1200 861 1245 vis
896 1208 967 1244 est
989 1199 1272 1259 sententiae,
1301 1197 1471 1245 fortius
1501 1198 1784 1259 intenditur,
1817 1199 1917 1245 sive
1950 1197 2070 1244 illud
2099 1199 2198 1246 ictu
2219 1215 2381 1246 versus
2409 1202 2611 1260 acuitur,

242 1282 340 1327 sive
375 1282 436 1327 ab
480 1281 620 1327 initio
658 1281 893 1326 enuntiati
928 1281 1141 1342 ponitur.
1211 1279 1379 1327 Eidem
1416 1280 1689 1327 Hermanno
1724 1282 1888 1345 gratis
1929 1279 2135 1327 debetur
2170 1298 2261 1343 pro
2306 1285 2512 1347 gratias.
2548 1308 2604 1314 --

242 1364 295 1410 V.
329 1364 359 1410 6
394 1373 541 1430 atque
575 1363 625 1410 in
659 1363 793 1409 libris
826 1371 937 1410 ante
970 1361 1141 1411 avidis
1175 1363 1407 1411 insertum
1442 1378 1555 1410 cum
1590 1362 1765 1410 Bothio
1801 1362 2099 1410 sustulimus:
2143 1381 2243 1427 quo
2288 1373 2474 1411 servato
2521 1359 2615 1411 nii-

244 1461 335 1492 nus
367 1444 687 1509 probabiliter
722 1445 1021 1492 Hermannus
1049 1460 1250 1494 saevom
1284 1461 1528 1493 severum.
1561 1469 1627 1478 —
1672 1446 1725 1494 V.
1763 1448 1789 1491 7
1829 1445 1889 1492 ab
1924 1445 2199 1492 Hermanno
2242 1445 2484 1495 adiectum
2520 1465 2614 1513 ego

241 1543 440 1589 prorsus
475 1527 793 1573 necessarium
832 1543 934 1573 esse
970 1528 1213 1573 neminem
1251 1528 1511 1589 praeteriit.
1581 1526 1806 1574 Eiusdem
1841 1528 2085 1591 praeclara
2119 1527 2462 1576 emendatione
2498 1547 2613 1594 pro-

243 1610 398 1656 ximus
428 1625 589 1655 versus
622 1609 889 1655 restitutus:
926 1609 1016 1655 nisi
1053 1608 1190 1671 quod
1227 1626 1252 1655 e
1283 1610 1519 1656 librorum
1553 1610 1787 1673 scriptura
1823 1611 2096 1661 ominium
2134 1610 2267 1658 Nam
2294 1612 2384 1676 pol
2410 1613 2614 1676 placido

243 1703 290 1740 te
323 1687 370 1739 et
403 1691 626 1739 clementi
658 1706 762 1738 meo
797 1707 949 1756 usque
983 1690 1128 1738 modo
1153 1701 1207 1738 ut
1235 1691 1379 1738 volui
1396 1707 1516 1739 usus
1533 1708 1638 1738 sum
1662 1693 1713 1737 in
1745 1690 1873 1737 alio
1905 1700 2034 1737 recte
2071 1692 2215 1737 etiam
2251 1708 2308 1739 eo
2334 1710 2614 1755 pronomen

244 1772 605 1818 Lindemannus
640 1772 871 1831 servavit,
906 1788 1053 1833 quem
1089 1772 1141 1817 in
1183 1772 1274 1817 hac
1308 1788 1401 1817 una
1432 1787 1577 1817 scena
1607 1788 1712 1817 rara
1744 1772 1933 1817 fortuna
1968 1789 2109 1818 usum
2151 1773 2612 1835 aliquoties‘verum

242 1852 416 1901 vidisse
436 1869 494 1900 eo
514 1854 664 1916 magis
699 1854 862 1910 miror,
900 1870 1000 1916 quo
1037 1869 1147 1899 eum
1184 1853 1480 1916 compertius
1510 1853 1668 1899 habeo
1703 1870 1793 1916 per
1827 1854 2062 1916 reliquam
2098 1853 2307 1901 fabulam
2345 1856 2614 1902 universam

244 1951 352 1981 suo
376 1934 577 1997 quidem
613 1934 793 1981 iudicio
829 1936 900 1980 vix
936 1936 1009 1980 bis
1036 1943 1169 1981 terve
1202 1934 1388 1997 aliquid
1410 1934 1681 1997 profecisse.
1735 1932 2029 1997 Quanquam
2055 1951 2115 1981 ne
2143 1936 2208 1982 ita
2231 1936 2610 1999 quidempotuit

243 2033 343 2062 non
378 2018 517 2062 simul
553 2017 603 2062 in
639 2018 819 2063 leviore
852 2024 982 2061 certe
1014 2032 1066 2062 re
1097 2031 1321 2078 peccare:
1359 2031 1470 2061 nam
1495 2032 1596 2061 non
1615 2016 1684 2062 sic
1717 2016 1794 2062 illa
1827 2016 2191 2079 pronuntianda
2219 2027 2350 2063 sunt:
2386 2034 2445 2065 eo
2464 2020 2617 2085 usque

243 2097 389 2146 modo
424 2109 476 2145 ut
511 2097 653 2145 volui
684 2100 801 2145 usus
823 2109 940 2145 'sum
977 2100 1028 2144 in
1056 2097 1179 2154 αἰιο,
1213 2096 1298 2144 sed
1334 2098 1384 2144 in
1419 2097 1546 2143 hanc
1578 2097 1819 2144 rationem
1852 2099 2037 2160 potius:
2081 2115 2140 2146 eo
2184 2101 2343 2164 usque'
2380 2100 2526 2146 modo
2562 2113 2613 2146 ιιι

240 2179 382 2226 volui
403 2182 520 2227 usus
534 2195 639 2227 sum
665 2182 717 2226 in
738 2177 853 2226 alto.
896 2174 1001 2226 Nec
1012 2193 1228 2241 unquam
1253 2176 1493 2241 dactylum
1516 2176 1732 2241 dactylus
1755 2179 1806 2225 in
1826 2178 1903 2225 his
1923 2179 2138 2225 versibus
2156 2180 2346 2242 excipit.
2384 2180 2611 2226 Bothiuni

243 2269 403 2307 autem
448 2261 622 2306 mirere
655 2269 817 2322 spreto
852 2261 1149 2316 accusativo,
1191 2276 1338 2322 quem
1375 2276 1402 2306 c
1448 2259 1779 2307 clementimeo
1823 2260 2093 2306 felicissime
2126 2261 2428 2325 Hermannus
2467 2263 2614 2321 eruit,

243 2342 521 2404 praetulisse
545 2340 747 2405 placido
782 2352 828 2388 te
861 2351 908 2387 et
941 2342 1178 2401 clementi,
1213 2341 1377 2386 tulisse
1411 2349 1571 2386 autem
1592 2341 1810 2402 ineptum
1843 2358 1966 2388 meo
2002 2358 2154 2407 usque
2180 2341 2339 2388 modo.
2364 2367 2422 2374 ——
2461 2345 2496 2387 A
2524 2359 2562 2387 v.
2582 2346 2614 2388 9

240 2423 480 2485 graviores
514 2423 686 2470 turbae
719 2422 968 2485 incipiunt.
1035 2421 1170 2471 Tales
1204 2423 1333 2468 enim
1369 2422 1420 2468 in
1447 2422 1618 2467 Vetere
1645 2421 1816 2467 codice
1845 2425 2051 2485 proximi
2088 2438 2248 2477 versus
2283 2431 2489 2469 exstant:

304 2506 474 2570 Atque
506 2505 636 2572 Ιιαῃο
669 2516 802 2553 tuam
838 2505 1051 2568 gloriam
1086 2508 1182 2551 iam
1215 2502 1567 2551 antessauribus
1600 2518 1883 2567 acceperam
1917 2515 1963 2552 et
1997 2504 2177 2551 nobilis
2210 2521 2336 2569 apra
2376 2505 2615 2567 homines,

304 2586 613 2652 Pauperibus
647 2598 929 2651 te'parcere
953 2587 1168 2646 solitum,
1197 2585 1381 2633 divites
1413 2585 1650 2632 damnare
1681 2597 1829 2650 atque

305 2667 524 2716 Domare
545 2702 557 2714 .
591 2667 678 2717 abi
707 2667 860 2716 laudo
892 2672 992 2716 scis
1025 2667 1202 2715 ordine
1235 2679 1288 2714 ut
1320 2677 1563 2733 aequunct

314 2750 550 2798 Tractare
582 2751 803 2798 homines
835 2784 845 2794 .
882 2751 979 2807 1400
1010 2750 1092 2798 dis
1125 2751 1366 2817 dignunst
1401 2785 1412 2797 .
1445 2765 1635 2815 semper
1668 2746 1907 2796 mendicis
1937 2746 2150 2798 modesti
2183 2751 2301 2799 sint.

303 2831 462 2879 Fidus
481 2836 642 2889 fuisti
673 2832 879 2897 infidum
913 2849 1021 2878 esse
1054 2836 1234 2879 iterant
1268 2866 1278 2879 .
1311 2847 1421 2879 nam
1453 2845 1638 2899 apsque
1657 2835 1803 2891 soret
1838 2839 1936 2879 stat
1969 2833 2076 2878 scio
2110 2834 2162 2878 ιή
2193 2830 2297 2879 alto

302 2913 674 2962 Distraxissent
704 2915 894 2983 disque·
912 2917 1138 2963 tulissent
1168 2916 1407 2964 satellites
1437 2918 1512 2967 tui
1545 2930 1620 2962 me
1653 2916 1881 2962 miserum
1905 2912 2067 2973 foede
2103 2928 2143 2963 e.
2180 2929 2225 2977 q.
2259 2929 2294 2963 S.

235 2995 271 3038 Α
309 3012 409 3057 quo
446 2997 668 3059 exemplo
698 2998 748 3043 in
785 2999 863 3044 his
896 3006 1089 3044 tantum
1127 2998 1411 3045 Decurtatus
1445 2995 1711 3061 discrepat,
1742 2993 1878 3060 quod
1909 3008 1952 3042 v.
1988 2998 2010 3042 1
2047 2994 2196 3043 habet
2229 2993 2416 3045 nobiles
2460 2994 2614 3060 apud,

234 3091 277 3119 v·
314 3079 344 3120 2
387 3076 685 3142 dampnare,
732 3094 774 3123 v.
814 3082 845 3125 3
893 3079 1117 3127 οτᾱὶηεηι
1154 3088 1208 3127 ut
1250 3087 1535 3146 aequumst,
1578 3092 1619 3123 v·
1658 3078 1687 3124 3
1733 3075 1992 3142 dignumst
2025 3083 2074 3123 et
2105 3085 2247 3135 sunt,
2292 3091 2334 3123 v.
2371 3078 2398 3124 5
2432 3074 2618 3142 absque

2338 3225 2358 3238 Q
