2952 3716
1206 103 1574 152 ...xj-

203 236 375 288 autem,
400 224 744 275 condicionem
780 242 891 273 cum
938 226 1067 273 illam
1108 226 1304 275 laudem
1349 227 1723 288 accommodat,
1764 244 1866 274 non
1913 227 2148 274 continuo
2198 228 2438 276 mendicis
2482 247 2585 277 sese

203 316 513 364 annumerat,
548 307 635 355 sed
668 316 855 356 tantum
892 307 1158 356 ditibus-et
1188 309 1438 356 nobilibus
1463 310 1687 373 opponit.
1756 310 1817 356 Vt
1848 309 1967 355 nihil
1998 310 2219 373 profecto
2241 312 2587 373 repugnantiae

204 407 316 440 eum
355 389 570 454 insipido
609 390 873 456 interprete
906 392 957 437 in
992 407 1050 437 eo
1088 390 1424 456 quaerendum
1455 392 1542 454 sit,
1577 389 1715 456 quod
1742 393 1867 439 salis
1900 406 1954 438 se
1980 402 2179 454 partum
2226 389 2432 450 habere,
2466 391 2584 441 dum

190 471 309 539 filio
347 470 549 520 divicias
580 476 869 540 quaesierit,
905 488 949 520 v.
990 475 1048 522 19
1084 470 1228 535 dicit,
1258 473 1332 521 vel
1368 487 1553 520 merces
1593 489 1619 518 e
1662 472 1771 519 navi
1807 472 1965 519 efferri
2014 471 2150 518 iubet
2182 472 2265 532 lv,
2294 473 2356 533 ll,
2393 469 2480 534 14,
2509 474 2583 519 vel

203 569 256 602 re
289 553 418 600 bene
450 562 666 619 gesta-se
699 552 879 602 redisse
912 564 1113 603 testatur
1144 556 1198 619 V,
1232 558 1281 619 2,
1314 557 1391 604 58.
1458 554 1578 603 Nam
1614 569 1725 601 cum
1761 555 1888 601 inter
1917 553 2119 601 divitum
2159 554 2501 618 nobiliumque
2535 565 2584 601 et

204 632 544 681 mendicorum
584 634 942 698 humiliumque
977 635 1317 683 condicionem
1366 635 1504 682 multi
1545 644 1777 699 tanquam
1821 635 1997 698 gradus
2038 636 2286 695 intersint,
2333 636 2446 696 etsi,
2481 652 2582 699 quo

204 714 318 783 quis
348 714 550 778 propius
587 713 650 761 ad
691 715 820 769 hanc
848 715 1059 779 accedit,
1097 734 1163 781 eo
1199 718 1479 773 certiorem
1500 718 1652 778 habet
1687 716 1955 765 secundum
2000 716 2152 779 legem
2193 717 2326 764 illam
2365 716 2581 782 divinam

203 811 342 859 spem
371 796 561 858 salutis,
602 805 768 858 tamen
812 783 1192 846 consentaneum
1229 807 1308 846 -est
1356 790 1569 862 aliquam
1623 797 1830 847 deorum
1874 798 2121 846 lenitatem
2166 798 2337 845 etiam
2357 778 2422 852 ad
2468 815 2581 846 eum

203 875 465 940 pertinere,
500 877 587 941 qui
622 877 685 934 ab
719 877 812 928 hac
844 878 1137 928 condicione
1170 867 1338 944 aliquo
1371 880 1621 929 intervallo
1646 879 1830 930 distans
1863 896 1965 928 non
1989 888 2151 926 tamen
2185 879 2352 928 illico
2339 897 2392 928 ιιι
2424 880 2580 944 ipsam

205 959 496 1007 contrariam
529 969 719 1024 partem
760 961 906 1011 venit.
985 961 1043 1009 Et
1087 960 1138 1009 id
1179 960 1385 1027 quidem
1430 978 1626 1026 prorsus
1647 988 1653 997 x
1673 960 1848 1010 cadere
1898 963 1950 1009 in
2005 960 2278 1008 Charmidis
2319 957 2580 1025 personam

207 1035 425 1103 apparet,
457 1041 718 1089 honestum
754 1043 909 1106 civem
946 1052 994 1090 et
1026 1043 1338 1106 industrium,
1373 1060 1475 1091 non
1509 1052 1751 1091 carentem
1787 1043 1952 1106 aliquo
1985 1040 2204 1107 peculio,
2238 1043 2324 1090 sed
2358 1044 2418 1090 ab
2453 1043 2581 1107 opu·-

204 1119 355 1169 lentia
390 1131 440 1170 et
472 1111 718 1188 dignitatis
750 1122 1012 1189 splendore
1045 1125 1159 1173 satis
1195 1134 1468 1188 remotum,
1500 1122 1688 1190 suoque
1720 1123 1903 1183 labore,
1924 1125 1992 1172 rei
2027 1115 2271 1172 familiaris
2307 1125 2581 1172 incremen-

207 1213 313 1252 tum
349 1204 552 1270 aliquod
598 1210 701 1254 ιιοιι
734 1207 838 1254 sine
873 1209 1116 1255 aerumnis
1146 1217 1479 1287 quaerentem.
1520 1194 1528 1202 ’

341 1342 343 1345 ,
402 1287 425 1332 I
453 1304 584 1357 nunc
618 1277 667 1335 et
697 1279 1084 1337 luculentissimis
1115 1290 1332 1337 versibus
1370 1284 1564 1339 10—20
1607 1287 1902 1353 praeclaram
1948 1305 2140 1336 scenam
2186 1286 2482 1335 decurtatam
2531 1287 2580 1335 in

204 1365 446 1433 undecim
461 1351 814 1430 versiculorum
849 1372 1061 1419 ieiunam
1098 1372 1358 1421 exilitatem
1392 1369 1580 1435 redige3
1605 1369 1978 1436 languidissimo
2010 1371 2134 1417 exitu
2158 1388 2211 1433 gu
2213 1379 2415 1417 auarum
2442 1369 2579 1417 testi-

203 1448 495 1500 ficationem
529 1449 872 1518 Charmideam
917 1454 1018 1503 hoc
1060 1454 1295 1503 terminaz
1355 1453 1527 1523 Atque
1569 1466 1703 1503 tuam
1751 1454 1882 1502 lianc
1920 1452 2058 1515 apud
2099 1454 2322 1502 homines
2363 1452 2578 1517 gloriam

204 1531 416 1582 auribus
447 1536 547 1582 iam
587 1550 872 1602 acceperam
906 1547 1048 1593 anee3
1083 1537 1199 1583 hinc
1230 1545 1392 1597 autem
1425 1538 1692 1601 asperrimo
1727 1536 1992 1583 sententiae
2026 1536 2161 1581 hiatu
2196 1534 2256 1580 ad
2293 1535 2371 1581 illa
2405 1535 2578 1580 transi:

206 1611 307 1662 Sed
336 1617 449 1682 qut's
482 1616 566 1664 hic
598 1628 671 1666 est
703 1621 793 1686 qui
828 1621 879 1666 ἰη
906 1619 1120 1683 plateam
1155 1617 1477 1685 ingreditur?
1522 1618 1737 1690 denique
1770 1618 1956 1685 bonum
1992 1625 2189 1680 poetam
2224 1615 2348 1663 adeo
2383 1615 2458 1663 fac
2490 1615 2581 1662 de-

205 1694 454 1759 lirantem,
483 1708 538 1744 ut
573 1716 671 1745 uno
707 1709 885 1776 tenore
912 1700 999 1760 has
1042 1700 1248 1778 sociasse
1294 1700 1555 1793 sententias
1597 1692 1840 1748 credatur:
1885 1715 2052 1761 omnes
2097 1709 2146 1747 te
2185 1697 2432 1746 crudelem
2459 1713 2581 1759 que-

205 1787 411 1845 ramur,-
446 1794 541 1844 ego
571 1771 871 1829 clementem
882 1788 1120 1846 expertus·
1140 1770 1285 1831 sum.-
1287 1757 1460 1850 atque
1494 1777 1652 1830 &alerii
1670 1770 1731 1830 ἰδ’
1746 1770 2039 1848 'praedicari
2061 1782 2207 1846 prius
2239 1795 2577 1844 cognoveram.

403 1860 690 1909 Particulam
726 1862 978 1910 vobiscum
1014 1863 1479 1911 communicavimus
1504 1862 1753 1927 amplioris
1782 1862 2142 1926 disputationis,
2173 1877 2320 1926 quam
2345 1862 2577 1924 integram

205 1950 500 2014 proponere
517 1957 632 2007 per
651 1944 815 1995 aliam
840 1943 1263 2023 opportunitatem
1300 1942 1653 2019 Hcadeniib'anr’-
1671 1943 1965 2022 'prdpefflem
1991 1943 2218 1990 licebit.
2244 1943 2402 1990 Nunc
2446 1944 2577 1988 enim

205 2020 476 2071 cavendum
510 2030 649 2093 erat
673 2034 753 2094 ne
768 2024 930 2073 nimis
947 2030 1050 2074 vos
1067 2016 1377 2094 morarentur
1390 2024 1483 2075 ad
1493 2026 1597 2098 333Ρ
1604 2026 1858 2105 'tanquam
1867 2022 2151 2071 ‘studiorum
2186 2024 2351 2089 epulas
2371 2023 2580 2071 festina·

205 2111 359 2174 turos,
395 2122 516 2171 quas
545 2106 609 2156 in
618 2102 820 2174 quovis
839 2123 1017 2173 genere
1044 2101 1363 2186 largissimas
1360 2100 1520 2156 vobis·
1530 2105 1794 2178 appositas
1787 2096 2012 2154 tideus:
2023 2100 2249 2196 quihus
2261 2106 2327 2172 ita
2354 2093 2579 2192 utemini,

207 2196 264 2235 ut
299 2197 348 2236 et
381 2185 455 2237 ad
477 2206 564 2238 vos
594 2188 874 2266 pulcer-rimi
913 2189 1093 2264 fructus
1126 2168 1415 2243 redundent
1440 2198 1489 2238 et
1521 2204 1613 2256 nos
1644 2199 1913 2258 impensae
1916 2172 2079 2245 'vobis
2097 2187 2281 2257 operae
2311 2188 2373 2235 ne
2405 2179 2579 2265 paeni-

203 2277 317 2317 teat.
383 2261 482 2321 Sed
515 2260 680 2328 tamen
690 2271 845 2337 prius
876 2288 1026 2361 quam
1059 2288 1146 2320 vos
1178 2260 1334 2319 valere
1367 2253 1582 2336 iubeam,
1617 2269 1738 2317 illud
1746 2259 2012 2335 agendum
2047 2276 2133 2329 est,
2171 2266 2309 2331 quod
2338 2283 2447 2314 cum
2480 2266 2579 2314 hoc

202 2350 550 2415 prooemiandi
586 2334 750 2400 officio
786 2352 1013 2418 coniungi
1049 2368 1207 2418 nuper
1239 2353 1433 2417 placuit
1455 2368 1558 2399 non
1591 2350 1832 2398 mediocri
1859 2358 1916 2396 ut
1942 2334 2236 2396 arbitramur
2254 2356 2411 2395 vestro
2440 2348 2578 2410 ipso-

202 2439 317 2478 rum
347 2433 631 2481 commodo.
702 2433 816 2493 Quo
853 2434 982 2481 enim
1015 2435 1155 2481 vobis
1188 2434 1366 2481 certius
1406 2433 1469 2481 de
1501 2448 1769 2480 caurum!
1802 2441 2157 2490 amnuicoavn,
2198 2445 2413 2492 quorum
2446 2443 2578 2491 quo-

203 2510 369 2558 tannis
396 2514 528 2560 varia
561 2530 619 2561 ac
650 2516 903 2579 multiplex
935 2517 1137 2563 materia
1168 2517 1489 2579 proponitur,
1531 2516 1719 2562 ratione
1753 2523 1900 2576 atque
1943 2520 2117 2559 eventu
2160 2519 2374 2571 constet,
2418 2510 2574 2558 visum

204 2602 277 2640 est
307 2595 406 2641 hoe
426 2596 549 2659 'loco
582 2586 835 2644 vobiscum
872 2598 1253 2659 communicare,
1288 2613 1413 2661 quae
1447 2613 1558 2643 cum
1585 2593 1647 2641 de
1673 2593 1946 2642 novissimis
1978 2590 2377 2642 contentionibus
2408 2589 2577 2637 vestris

200 2672 379 2740 singuli
419 2677 617 2726 ordines
649 2678 926 2728 iudicarunt
958 2689 1061 2727 tum
1091 2697 1177 2727 vos
1208 2689 1414 2727 tractare
1446 2694 1536 2743 per
1567 2675 1776 2741 proximi
1812 2675 1926 2723 anni
1956 2673 2163 2739 spatium
2199 2672 2452 2721 iusserunt.
2503 2669 2573 2718 Eo

200 2766 366 2820 autem
399 2775 601 2808 munere
632 2761 755 2810 scire
788 2749 1127 2825 vos-volumus
1161 2761 1227 2810 ita
1262 2778 1351 2809 nos
1383 2759 1600 2825 defungi,
1632 2767 1688 2806 ut
1720 2775 1822 2806 non
1857 2766 2020 2805 nostra
2054 2755 2330 2811 elocutione
2365 2763 2575 2814 utamur,

199 2838 287 2889 sed
320 2838 471 2889 fidem
504 2842 766 2891 verborum
801 2843 862 2892 ab
898 2843 1014 2908 ipsis
1048 2842 1305 2892 ordinibus
1338 2844 1391 2892 in
1424 2841 1610 2891 chartas
1642 2840 1977 2889 coniectorum
2011 2852 2271 2886 servemus.
