2952 3716
1315 95 1684 134 -1v—

348 277 350 279 Ι
429 219 511 267 Se‘t
543 221 657 285 quis
692 219 779 267 hic
809 230 897 277 est,
933 223 1022 287 qui
1055 223 1108 267 in
1137 219 1357 285 pla'team
1391 217 1677 284 ingreditur
1708 220 1817 266 cum
1847 233 1982 266 novo
2015 228 2194 273 ornatu
2227 230 2515 296 specieque?

437 301 548 361 Po'l,
562 317 842 371 quanquam
863 299 1002 347 domi
1016 303 1175 365 cupio,
1192 303 1450 365 opperiar.-
1465 317 1611 367 quam
1631 297 1715 347 hio
1731 314 1832 346 rem
1852 309 1989 363 agat,
2005 304 2156 351 simul
2167 307 2382 356 animum
2399 308 2673 357 advertam.
2726 314 2736 328 '

512 383 623 429 Duo
664 382 720 436 ,in
764 381 895 429 hanc
936 397 1130 428 scenam
1177 380 1359 428 cadunt
1401 396 1429 427 a
1475 380 1727 427 communi
1768 383 1858 427 usu
1899 381 2188 431 comoediae
2226 388 2406 438 aliena:
2452 387 2678 437 orationis

308 480 460 528 genus
489 480 634 528 supra
667 463 911 527 vulgarem
946 461 1350 509 consuetudinem
1386 463 1510 510 vitae
1546 460 1862 524 quotidianae
1885 476 2134 526 assurgens
2166 470 2510 534 poeticumque
2544 469 2676 516 colo-

311 562 418 594 rem
454 560 677 606 sumens,
721 553 769 591 et
809 542 1129 607 prosodiacae
1175 543 1377 590 rationis
1417 540 1657 606 quaedam
1704 541 1926 603 licentia,
1959 543 2164 592 modica
2209 551 2407 612 quidem
2450 552 2554 610 illa,
2592 547 2676 596 sed

309 635 477 675 tamen
512 626 781 674 abhorrens
815 638 844 671 a
873 623 1176 684 senariorum
1205 624 1693 687 septenariorumque
1726 623 1979 670 severitate
2012 640 2069 671 ac
2089 631 2286 693 propria
2320 633 2676 681 octonariorum

311 708 847 773 anapaesticorumque.
916 705 975 754 Et
1007 706 1105 754 huc
1140 705 1343 769 quidem
1379 706 1591 769 pertinet
1622 715 1902 769 correptum
1937 722 1981 752 V.
2018 710 2047 753 5
2084 718 2296 759 extremo
2331 725 2498 783 atque,
2533 711 2676 776 Μεγι-

311 790 576 851 labumque
613 805 653 835 v.
692 793 756 837 20
783 789 928 852 filio:
963 806 1053 851 pro
1097 789 1276 851 quibus
1310 788 1556 851 perfacile,
1572 788 1726 834 fuerat
1759 788 2049 848 substituere
2094 801 2140 837 et
2175 800 2222 838 et
2263 806 2430 859 gnato.
2500 792 2675 841 poetici

313 878 474 918 autem
510 868 707 917 dicendi
738 870 927 934 generis
957 870 1116 917 statim
1152 871 1213 916 ab
1249 871 1390 916 initio
1416 872 1687 935 exemplum
1725 879 1852 917 extat
1878 871 2114 932 aetherei,
2149 873 2346 935 palmari
2379 875 2533 923 Bothii
2558 891 2675 922 con-

310 951 493 997 iectura
530 967 586 996 ex
620 962 667 998 et
700 955 838 998 nerei
871 960 1084 996 erutum:
1122 950 1322 1014 quando
1355 953 1393 999 N
1429 962 1476 998 et
1518 954 1557 999 H
1592 954 1644 998 in
1681 951 1933 999 codicibus
1968 959 2066 998 tam
2096 962 2207 1001 sunt
2238 956 2431 1017 similes,
2463 965 2515 1003 ut
2536 963 2675 1018 saepe

308 1033 529 1096 dignosci
564 1050 764 1096 prorsus
798 1042 1059 1100 nequeant.
1128 1035 1224 1080 Nec
1259 1050 1390 1080 nunc
1424 1043 1542 1097 puto
1579 1050 1718 1089 suum
1754 1032 1873 1080 illud
1905 1048 2151 1099 aequoreo
2180 1035 2411 1100 Neptuno
2446 1036 2676 1083 Antonius

307 1115 506 1161 Reinius
540 1131 679 1161 meus
708 1116 912 1175 tenebit,
949 1114 1145 1173 Quaest.
1184 1116 1333 1161 Plaut.
1374 1114 1595 1174 (Crel'eld.
1634 1131 1675 1161 a.
1720 1115 1865 1172 1834)
1901 1130 1950 1177 p.
1994 1115 2050 1161 16
2097 1118 2414 1179 propositum.
2453 1141 2511 1149 -—-
2559 1117 2675 1164 Item

308 1197 360 1243 in
393 1196 644 1259 poeticum
676 1212 828 1259 genus
861 1197 1090 1242 convenit
1124 1212 1166 1242 v.
1203 1200 1232 1243 2
1267 1207 1441 1260 gratas
1474 1199 1730 1262 gratisque
1763 1194 1947 1256 habeo,
1990 1196 2231 1242 secundae
2266 1200 2370 1245 voci
2415 1199 2677 1261 postposita

307 1273 572 1341 particula:
610 1279 741 1335 (nam
777 1275 952 1324 laudes
985 1289 1162 1342 gratas
1198 1293 1310 1323 cave
1346 1278 1648 1340 coniungas:)
1683 1277 1887 1341 propius
1910 1276 2040 1323 enim
2060 1276 2125 1323 ita
2156 1277 2218 1323 ad
2247 1278 2394 1326 fidem
2428 1281 2675 1340 librorum,

307 1358 360 1405 in
396 1359 576 1422 quibus
611 1366 683 1405 est
715 1373 815 1423 ago
850 1369 897 1406 et
929 1369 1100 1424 grates
1129 1360 1419 1426 gratiasque
1449 1358 1631 1416 habeO,
1673 1359 1876 1406 Bothius
1918 1359 2117 1406 accessit
2161 1377 2306 1423 quam
2354 1362 2478 1410 hanc
2523 1378 2680 1409 versus

307 1441 516 1489 formam
551 1439 904 1488 commendans
940 1439 1214 1487 Goellerus:
1252 1440 1433 1488 Lae'tus
1466 1439 1641 1489 lubens
1673 1440 1847 1488 laude's
1880 1457 1994 1506 ago,
2029 1443 2285 1507 gratisque
2320 1444 2475 1492 luibeo
2508 1455 2676 1509 gratas

288 1522 537 1588 flu'ctibus
570 1520 742 1577 salsis,
779 1537 1078 1584 quamquam
1118 1532 1165 1569 et
1179 1521 1426 1585 fluctibus
1463 1539 1563 1568 non
1600 1531 1670 1568 est
1704 1537 1817 1568 sane
1853 1521 2007 1586 (quod
2042 1522 2121 1567 ille
2157 1523 2418 1586 ignorabat)
2464 1525 2511 1571 in
2547 1524 2680 1571 Pala-

307 1603 439 1665 tinis,
473 1601 560 1649 sed
593 1619 620 1650 e
635 1601 897 1667 fluctibus.
966 1602 1173 1649 Tantum
1208 1612 1368 1649 autem
1406 1612 1536 1649 recte
1565 1612 1772 1667 uterque
1806 1604 2009 1650 sensisse
2041 1603 2247 1665 videtur,
2277 1605 2385 1652 ferri
2422 1623 2520 1653 non
2542 1622 2678 1670 posse

313 1687 375 1733 ab
409 1686 690 1732 Hermanno
725 1693 974 1747 receptum
1004 1684 1179 1734 laude's
1212 1702 1313 1749 ago
1347 1688 1404 1733 ἕι
1438 1688 1602 1750 gratis
1635 1688 1810 1749 gratas
1844 1686 2028 1733 habeo:
2064 1702 2374 1749 nequaquam
2406 1688 2533 1733 enim
2573 1702 2679 1733 cum

312 1776 541 1829 correpto
572 1777 721 1833 atque
753 1767 853 1814 hoc
892 1764 1305 1830 comparandum,
1341 1766 1478 1829 quod
1514 1767 1667 1812 multo
1713 1775 1784 1812 est
1823 1766 1991 1814 durius
2034 1776 2082 1813 et
2121 1767 2196 1813 vel
2246 1767 2422 1813 horum
2466 1783 2680 1814 versuum

310 1846 557 1895 licentiam
594 1846 847 1895 excedens.
884 1873 948 1883 -
1000 1848 1073 1895 Ab
1120 1846 1392 1895 eorundem
1435 1848 1665 1912 gravitate
1698 1865 1742 1895 v.
1779 1852 1809 1896 3
1853 1849 2085 1895 abhorret
2126 1849 2301 1895 levium
2347 1848 2680 1894 trochaeorum

311 1928 559 1974 lenissima
586 1930 906 1991 aequabilitas
939 1930 1061 1996 quos
1089 1930 1241 1994 pene's
1276 1927 1369 1977 mei
1397 1930 1643 1994 pote'stas:
1680 1926 1982 1993 quapropter
2016 1928 2302 1976 servandum
2330 1919 2440 1988 suit
2475 1930 2534 1975 ab
2567 1930 2682 1975 Her-

317 2023 502 2054 manno
540 2007 777 2054 additum.
860 2008 994 2055 Idem
1049 2018 1209 2055 autem
1258 2012 1344 2057 etsi
1392 2011 1496 2057 sine
1542 2025 1706 2058 caussa
1751 2007 1876 2077 quid
1919 2009 2174 2056 collocavit
2219 2016 2327 2055 ante
2370 2007 2508 2057 bonis
2553 2011 2679 2065 meis,

315 2099 481 2137 tamen
505 2089 641 2136 facile
662 2089 856 2137 dubites
884 2107 1000 2137 num
1024 2090 1147 2138 forte
1177 2102 1305 2139 recte
1341 2109 1475 2141 meae
1509 2093 1755 2153 deleverit,
1791 2108 1891 2155 quo
1929 2092 2107 2138 omisso
2145 2101 2191 2138 et
2211 2090 2389 2155 gratior
2407 2089 2508 2136 fieri
2531 2091 2680 2136 oratio

319 2171 474 2217 videri
510 2180 672 2233 potest
706 2187 798 2218 nec
829 2188 916 2219 suo
953 2182 1155 2220 accentu
1180 2174 1322 2236 foret
1357 2184 1507 2221 caret:
1548 2173 1687 2222 he'nis
1721 2175 1837 2222 meis
1879 2174 2004 2241 quid
2034 2175 2180 2234 feret
2224 2184 2268 2220 et
2311 2176 2460 2219 vitae.
2527 2171 2683 2218 Incre-

320 2253 537 2299 dibiliter
565 2253 699 2298 hunc
731 2270 920 2300 versum
957 2256 1159 2302 Bothius
1192 2257 1437 2319 pervertit,
1472 2273 1669 2320 prorsus
1706 2257 1919 2320 neglecta
1954 2256 2200 2302 bonorum
2239 2254 2469 2299 librorum
2503 2268 2686 2299 memo-

319 2334 419 2394 ria,
453 2334 503 2381 in
540 2335 719 2404 quibus
751 2335 875 2381 nihil
907 2335 1262 2401 discrepantiae
1293 2348 1485 2401 praeter
1521 2338 1630 2403 Qu&
1667 2339 1754 2392 (vel
1793 2338 1908 2403 Qui)
1944 2352 2096 2403 penes
2138 2351 2212 2383 me
2246 2350 2334 2399 pro
2378 2334 2514 2400 Quos
2542 2350 2686 2399 penes

321 2418 429 2470 mei,
462 2424 509 2462 et
544 2417 637 2463 mis
668 2433 758 2478 pro
793 2420 927 2467 meis.
1000 2418 1150 2476 Quod
1186 2437 1296 2466 cum
1333 2421 1531 2465 fuissent
1566 2422 1651 2483 qui
1695 2421 1958 2483 genitivum
1995 2421 2425 2483 interpretarentur
2467 2432 2555 2479 pro
2596 2419 2688 2464 mei

320 2495 565 2560 positum:
600 2495 653 2543 id
685 2506 816 2544 recte
848 2510 1130 2561 aspernatus
1165 2501 1414 2546 Goellerus
1447 2518 1596 2565 pravo
1631 2511 1799 2548 tamen
1833 2501 2015 2548 iudicio
2052 2502 2101 2548 in
2139 2516 2197 2547 eo
2235 2499 2406 2560 utitur,
2442 2496 2574 2562 quod
2608 2498 2690 2544 has

321 2576 502 2625 formas
532 2595 559 2626 a
590 2579 761 2626 Plauto
799 2582 1003 2627 omnino
1038 2584 1217 2628 alienas
1252 2583 1399 2629 dicit:
1436 2599 1643 2647 quarum
1677 2584 1752 2630 vel
1785 2584 1836 2629 in
1863 2584 2155 2630 Trinummo
2182 2579 2496 2628 certissimum
2533 2594 2690 2625 exem-

319 2658 457 2721 plum
490 2676 547 2705 ex
572 2661 905 2709 *Ambrosiano
939 2663 1111 2709 codice
1145 2665 1331 2728 prodiit
1364 2665 1420 2726 Π,
1456 2669 1504 2726 2,
1534 2666 1623 2712 62:
1995 2711 2000 2717 ,

590 2743 650 2790 V
646 2755 667 2791 t
701 2747 773 2793 ita
804 2755 852 2792 ce
884 2746 1095 2792 aliorum
1131 2749 1433 2806 miserescat,
1470 2747 1535 2795 ne'
1565 2749 1649 2795 tis
1681 2746 1809 2796 alios
1841 2744 2090 2795 misereat.

322 2823 375 2869 V.
411 2818 445 2867 4
484 2839 511 2867 e
544 2825 872 2870 Palatinorum
919 2828 1156 2891 scriptura
1197 2827 1336 2876 urbis
1378 2825 1522 2876 cuma
1563 2827 1655 2887 (vel
1703 2829 1935 2885 cumam),
1991 2839 2117 2889 quae
2160 2820 2366 2886 syllabae
2407 2833 2434 2866 a
2479 2815 2688 2867 deterio-

322 2904 457 2949 ribus
489 2905 626 2950 libris
660 2907 860 2969 absunt,
904 2922 1007 2955 non
1043 2910 1318 2956 felicissimo
1355 2891 1576 2957 successu
1619 2908 1699 2957 alii
1748 2908 1839 2956 alia
1884 2904 2193 2954 effinxerunt:
2240 2899 2471 2964 urbisque
2508 2904 2695 2949 moenia

325 2982 626 3033 Camerarius
659 2989 885 3036 inusitata
917 2991 1183 3056 sententia3
1219 2991 1357 3042 urbis
1391 3006 1565 3043 cunam
1599 2990 1712 3040 satis
1740 2988 2028 3040 mirabiliter
2048 2985 2270 3037 Bothius:
2306 2979 2472 3032 urbe‘m
2494 2978 2693 3031 Cumam
