2952 3716
1245 138 1631 177 -vn—

253 283 338 316 sua
370 265 486 315 sede
519 264 717 319 avulsus.
740 265 892 316 exitus
927 263 1003 311 ille
1032 262 1211 313 nobiliis
1244 264 1381 327 apud
1414 266 1637 314 homines
1667 264 1968 313 illaberetur:

417 330 586 415 A'tque
621 357 753 395 tuam
784 346 916 396 lianc·
946 346 1109 413 apud
1145 345 1305 398 Ιιόηιί
1318 362 1426 398 nes
1458 348 1671 415 gloriam
1704 347 1912 414 au're‘bus
1946 351 2044 398 iam
2076 349 2361 415 acce'peram
2395 361 2523 400 ante.

254 428 473 482 aurt‘bus
494 428 644 491 enim,
678 417 814 493 quod
845 429 1048 477 minime
1069 440 1498 494 supervacaneum,
1533 431 1600 479 illi
1623 432 1908 496 opponitur,
1942 429 2080 497 quod
2101 440 2242 480 antea
2265 430 2449 480 dixerat
2480 448 2630 498 opera

254 528 306 560 se
336 519 602 574 expertum.
649 541 686 545 —
736 508 791 557 In
824 511 1058 575 proximis
1091 512 1293 559 Bothius
1327 529 1428 577 quo
1463 513 1652 578 longius
1685 513 1747 567 ab
1769 512 2129 562 Hermanniano
2159 513 2489 561 finiendorum
2523 530 2630 561 ver-

254 608 395 640 suum
432 592 653 655 exemplo
691 593 901 654 recessit,
935 608 994 640 eo
1025 594 1213 658 turpius
1240 595 1400 659 lapsus
1435 603 1529 642 est:
1566 594 1704 659 quod
1736 595 1900 644 taedet
1933 596 2162 662 persequi
2196 596 2409 642 uberius.
2476 596 2528 642 V.
2568 595 2633 642 14

253 670 492 723 satellites
527 674 603 720 tui
636 672 810 729 merito
848 672 1099 723 defensum
1135 685 1223 737 est,
1255 676 1370 723 item
1408 677 1583 724 merito
1616 687 1855 725 servatum
1892 682 2139 740 miserum,
2171 686 2436 741 utrumque
2461 686 2627 724 contra

253 754 613 815 Hermannum,
647 755 732 817 qui
767 754 841 803 tui
872 756 1108 805 satellites
1141 775 1216 806 me
1235 757 1397 818 foede
1428 767 1803 822 transposuerat.
1871 759 2134 823 Vtramque
2174 775 2375 819 vocem,
2418 775 2493 806 me
2538 761 2631 805 mi·-

253 851 431 893 serum,
467 834 662 882 codices
694 835 897 884 sociant.
935 863 995 872 —
1026 840 1081 888 V.
1120 841 1179 886 15
1215 841 1330 891 item
1363 842 1528 889 omnia
1561 840 1886 887 Hermannus:
1919 839 2031 887 libri
2066 843 2230 887 omnia
2258 841 2388 887 item.
2458 836 2626 885 Eidem

254 933 297 963 v.
339 918 400 964 16
434 916 630 966 turbine
665 917 872 965 debetur
904 935 993 982 pro
1030 918 1275 975 turbines.
1311 921 1451 985 quod
1484 921 1627 968 etiam
1662 922 1715 968 in
1749 920 2123 969 Ambrosianum
2159 920 2372 982 irrepsit,
2420 936 2448 966 e
2494 919 2631 966 cuius

254 996 445 1046 schedis
492 998 829 1063 superstitibus
870 1016 966 1047 una
1011 1001 1071 1048 ab
1122 1001 1215 1050 hac
1259 1002 1362 1066 ipsa
1405 1019 1526 1051 voce
1575 1003 1758 1067 incipit.
1841 1001 1937 1050 Sed
1987 1000 2162 1049 eodem
2209 1016 2348 1048 versu
2390 1001 2476 1048 etsi
2523 1000 2628 1047 sine

255 1079 524 1128 offensione
556 1089 626 1128 est
660 1098 836 1129 navem
869 1098 965 1131 una
995 1084 1174 1148 syllaba
1207 1086 1591 1149 pronuntiatum,
1622 1103 1724 1133 non
1752 1082 1914 1150 potest
1937 1067 2037 1133 non
2061 1084 2316 1148 displicere
2340 1092 2626 1131 accentuum

252 1164 495 1226 perversio
533 1162 943 1212 circumstaba'nt:
986 1175 1039 1212 ut
1071 1176 1154 1213 ant
1186 1184 1363 1216 navem
1399 1163 1781 1229 circumstabant
1822 1161 1904 1214 aut
1937 1169 2254 1215 circumstant
2286 1181 2450 1214 navem
2484 1181 2627 1228 prae-

251 1252 358 1291 stet.
393 1270 455 1278 —
496 1246 549 1293 V.
591 1250 648 1293 17
666 1245 862 1311 fluctus
895 1247 999 1294 sine
1034 1263 1197 1295 caussa
1229 1250 1554 1297 Hermannus:
1576 1250 1867 1317 fluctusque
1900 1265 2011 1297 cum
2055 1249 2226 1296 ceteris
2261 1249 2424 1295 Ambr.
2491 1247 2626 1294 Man-

251 1341 363 1372 cum
400 1327 588 1392 aliquot
622 1329 812 1392 syllabis
858 1346 1050 1379 versum,
1085 1330 1384 1380 Hermannus
1418 1333 1533 1380 olim
1571 1332 1626 1379 in*
1664 1333 1960 1398 confregere
2005 1340 2190 1378 mutato
2212 1330 2471 1396 frangere
2510 1345 2626 1392 sup·

249 1408 418 1469 plevit:
455 1410 592 1471 quod
631 1410 724 1456 iam
762 1427 862 1457 non
896 1412 1146 1458 tutabitur.
1214 1414 1342 1462 Nihil
1374 1423 1474 1461 tam
1510 1422 1620 1477 apte
1654 1415 1715 1460 ab
1744 1412 2080 1460 Lindemanno
2105 1429 2193 1476 per
2224 1421 2378 1458 totam
2399 1412 2626 1457 Trinum-

253 1505 389 1536 mum
426 1491 745 1554 excogitatum
783 1509 929 1555 quam
970 1502 1080 1540 ante
1114 1497 1369 1561 frangere
1412 1496 1641 1543 insertum
1666 1496 1897 1562 fremere
1941 1494 2158 1541 verbum.
2238 1490 2489 1540 Exciderat
2529 1491 2629 1538 hoc

252 1569 349 1617 iam
380 1571 428 1618 in
467 1572 805 1621 Ambrosiano.
843 1601 903 1610 —
940 1577 989 1622 V.
1029 1578 1088 1623 18
1123 1579 1179 1624 ni
1208 1588 1294 1625 tua
1317 1580 1545 1643 ¹propitia
1572 1596 1684 1643 pax
1703 1582 1851 1637 foret
1879 1586 2081 1642 praesto
2112 1575 2295 1635 Amba,
2326 1576 2381 1621 ni
2409 1584 2495 1621 tua
2523 1591 2636 1638 pax

247 1654 469 1717 propitia
489 1656 542 1713 f.
569 1672 645 1719 pr.
683 1656 843 1703 ceteri.
915 1656 1135 1703 Deletum
1174 1659 1234 1704 ab
1269 1659 1547 1706 Hermanno
1582 1670 1667 1708 tua
1700 1659 1866 1705 abesse
1900 1673 2043 1720 posse
2074 1672 2250 1720 negans
2271 1652 2634 1701 Lindemannus

253 1734 416 1781 omisit
437 1736 605 1799 foret:
641 1753 766 1799 quae
797 1738 994 1784 omissio
1034 1755 1204 1785 vereor
1240 1757 1299 1786 ne
1332 1749 1431 1787 tam
1467 1757 1633 1804 aspera
1668 1741 1744 1800 sit,
1776 1748 1829 1792 ut
1863 1755 1924 1784 ne
1959 1739 2009 1784 in
2039 1738 2138 1783 hoc
2173 1736 2373 1799 quidem
2402 1737 2632 1782 liberiore

248 1831 426 1877 genere
462 1814 571 1861 ferri
609 1827 769 1879 queat.
843 1820 1124 1865 pronomen
1160 1830 1319 1868 autem
1356 1821 1742 1868 desideraremus
1778 1837 1892 1866 sane
1927 1829 1980 1865 ut
2015 1817 2149 1881 quod
2187 1820 2413 1878 maxime,
2447 1817 2484 1863 si
2512 1834 2633 1863 con-

249 1894 467 1944 struendi
505 1898 628 1945 ratio
665 1899 1031 1963 sententiaeque
1054 1918 1202 1955 nexus
1228 1903 1475 1951 hic‘esset:
1498 1906 1780 1970 Jregissent
1800 1930 1892 1960 —‚
1927 1905 2238 1975 ruissent—.
2260 1899 2523 1949 sciciissent
2544 1925 2631 1960 -,

248 1979 349 2026 nisi
382 1988 435 2026 tu
475 1995 612 2044 opem
647 1979 854 2029 tulisses.
926 1984 984 2029 At
1017 1999 1129 2030 vero
1164 1985 1246 2031 tali
1277 1985 1526 2032 enuntiato
1563 1984 1893 2032 condicionali
1929 1983 2037 2048 quis
2063 1999 2278 2046 unquam
2313 1980 2432 2029 vidit
2465 1980 2629 2028 infini-

247 2060 398 2107 tivum
437 2061 722 2109 historicum
758 2063 1069 2112 adhibitum?
1117 2067 1201 2129 qui
1251 2084 1350 2114 non
1399 2068 1624 2114 notabilis
1669 2075 1856 2119 tantum
1893 2070 1980 2127 sit,
2014 2074 2068 2112 ut
2114 2066 2191 2111 ille
2235 2065 2325 2124 ait,
2361 2062 2446 2108 sed
2481 2064 2623 2108 etiam

249 2141 580 2189 intolerabilis.
648 2145 769 2190 Hinc
805 2145 947 2208 igitur
981 2147 1078 2193 hoc
1111 2148 1274 2211 potius
1315 2149 1688 2195 constructionis
1725 2163 1877 2211 genus
1909 2162 2214 2209 consequens
2252 2160 2353 2189 esse
2393 2144 2622 2189 arbitror:

247 2222 454 2291 Absque
487 2235 535 2272 te
560 2224 713 2287 foret,
750 2244 824 2274 me
857 2227 1219 2278 distraxissent
1251 2240 1580 2295 tempestates.-
1614 2240 1751 2279 tanta
1779 2244 1947 2277 earum
1977 2228 2285 2275 vehementia
2301 2261 2313 2282 ‚
2358 2235 2455 2272 tam
2502 2226 2626 2271 mila·

241 2308 574 2373 propinquum
603 2310 813 2355 exitium
847 2320 978 2356 erat:
1013 2313 1114 2359 nisi
1146 2312 1226 2360 his
1259 2310 1632 2361 de‘scrimitu‘bus
1666 2310 1863 2360 tandem
1880 2310 2012 2375 finis
2045 2310 2300 2374 impositus
2333 2316 2471 2355 esset.
2540 2307 2622 2352 Vi-

243 2385 414 2448 demus
461 2387 592 2433 enim
645 2388 759 2449 hic,
798 2398 852 2436 ut
902 2390 1089 2454 Reisigii
1139 2393 1298 2440 verbis
1346 2401 1454 2441 utar
1495 2393 1593 2441 hoc
1637 2409 1788 2457 genus
1828 2393 2104 2440 universum
2154 2388 2297 2435 docte
2344 2387 2620 2433 illustrantis

243 2464 428 2515 Comm.
466 2468 567 2515 crit.
602 2468 653 2516 in
689 2468 808 2517 Oed.
848 2469 948 2517 Col.
987 2489 1033 2536 p.
1072 2474 1169 2521 386
1196 2490 1325 2539 sqq.‚
1358 2474 1620 2522 verborum
1650 2472 2142 2537 comprehensionem
2172 2468 2364 2533 gemina
2395 2468 2620 2514 enuntia-

241 2548 378 2596 tione
413 2548 478 2597 ita
513 2551 825 2614 cumulatam,
855 2562 909 2600 ut
942 2554 1167 2602 alterutra
1201 2556 1446 2620 loquentis
1460 2541 1633 2605 'animo
1657 2556 1708 2603 in
1734 2554 1969 2618 ampliore
1993 2548 2227 2599 orationis
2250 2548 2434 2595 ambitu
2462 2565 2619 2612 paene
2696 2595 2698 2598 ,

244 2628 473 2678 excidisse
507 2630 737 2682 videatur.
809 2634 1065 2683 Redundat
1106 2653 1247 2700 sane,
1286 2638 1325 2685 si
1366 2638 1577 2686 severius
1621 2653 1759 2701 agas,
1803 2636 1970 2682 iterata
2017 2633 2067 2680 in
2115 2630 2213 2678 fine
2260 2629 2618 2678 condicionalis

242 2711 507 2776 sententia,
541 2714 675 2763 cuius
709 2715 803 2765 iam
840 2718 900 2766 ab
936 2718 1077 2767 initio
1111 2719 1233 2769 facta
1268 2728 1369 2769 erat
1400 2720 1685 2787 significatio
1705 2719 1767 2776 *):
1802 2715 1887 2766 sed
1920 2716 2088 2765 iterata
2116 2722 2186 2762 est
2207 2712 2436 2761 uberiore
2467 2713 2616 2761 inter·

325 2834 376 2884 ἢ)
406 2833 479 2873 Hic
512 2835 845 2887 quemadmodum
875 2838 1034 2890 gemina
1064 2840 1240 2890 protasis
1264 2840 1431 2893 simplici
1462 2832 1656 2882 dirimitur
1683 2837 1865 2891 ειροᾱοεί,
1891 2836 1945 2875 ita
1969 2834 2136 2894 simplici
2167 2834 2319 2886 protasi
2349 2832 2494 2885 duplex
2514 2845 2614 2885 apo-

408 2903 519 2946 dosis
550 2905 742 2961 Aeschyli
769 2908 876 2961 Sept.
907 2908 985 2949 211
1013 2920 1125 2963 sqq-t
1170 2909 1263 2952 ἀλλ’
1287 2910 1360 2954 ἐπὶ
1383 2911 1598 2965 δαὶμόνων
1626 2908 1862 2965 πρόδρομος
1898 2903 2072 2961 ἦλθον
2105 2904 2273 2959 ἀρχαῖα
2311 2906 2436 2957 βρέτη
2476 2906 2612 2944 θεοῖσι

407 2979 599 3030 m'aetvvoc,
628 2975 807 3033 νιφάδος
840 2975 905 3021 ὅτ’
935 2978 1061 3029 ὄλοᾶς
1089 2984 1317 3038 νιφομὲνας
1344 2981 1504 3037 βρόμος
1534 2984 1579 3024 ἐν
1606 2981 1782 3033 πύλαις,
1810 2977 1860 3030 δή
1894 2976 2002 3020 τότ’
2028 2971 2205 3034 ᾗρθην
2239 2972 2357 3031 φόβῳ
2388 2972 2493 3026 πρὸς
2520 2990 2608 3025 μα-

401 3045 539 3101 κάρων
567 3047 696 3097 λιτάς.
727 3073 774 3080 -
807 3050 973 3093 Plautini
1002 3054 1172 3106 exempli
1200 3054 1418 3096 simillimos
1439 3054 1614 3096 dicerem
1640 3051 1798 3105 prologi
1811 3049 2040 3092 Terentiani
2058 3058 2216 3099 versus,
2246 3045 2399 3088 Phorm.
2426 3046 2475 3086 13
2496 3057 2606 3099 sqq.:
